2866 4482
637 261 840 327 ...13-

222 434 306 501 edita
328 439 359 501 et
380 434 451 500 aliis
473 435 512 500 de
534 435 637 501 causis
658 457 678 500 a
698 435 869 505 Plutarcho
894 442 1039 521 conceptu
1069 441 1129 516 est,
1158 442 1252 521 atque

220 538 286 605 illa.
331 541 369 604 In
391 540 459 606 vita
473 539 612 605 Caesaris
627 538 708 606 Plut.
732 540 797 605 ianr
816 540 878 610 sibi
892 546 1101 626 proposuerat,
1124 540 1252 626 Pompei

221 661 269 705 res
292 642 462 728 separatim
487 640 654 722 illustrare,
683 642 717 706 in
743 642 810 707 vita
837 641 943 708 Niciae
970 641 1166 708 Alcibiadem
1194 641 1253 708 tali

221 742 315 808 laude
336 743 502 827 indignum
524 743 723 809 existimavit.
762 743 822 809 Sed
845 743 884 808 de
898 744 957 810 hec
971 766 1005 809 re
1018 751 1125 830 postea
1139 745 1252 810 melius

220 846 351 913 indicari
374 848 501 934 poterit3
524 868 607 913 nunc
629 848 706 913 sotis
729 847 792 929 sitq
809 853 952 934 suspecta
979 848 1030 913 vel
1057 849 1164 934 spuria
1186 868 1253 913 esse

220 948 276 1013 illa
290 951 385 1015 verba
399 949 546 1025 Nicieoir
559 949 689 1032 μᾶλλον
703 945 740 1017 ἕν
753 955 820 1025 τοῖς
841 946 918 1035 περὶ
938 943 1065 1016 inchoo
1088 951 1254 1035 γραφομέ-

220 1071 289 1126 νοις
310 1050 478 1138 δηλοῦται,
501 1052 668 1118 monuisse.

307 1156 440 1242 Jamque
461 1156 490 1221 si
512 1156 617 1222 omnia
637 1154 694 1219 illa
716 1176 797 1240 quae
819 1155 1018 1241 exposuimus
1041 1156 1146 1223 animo
1172 1178 1254 1224 com·

222 1258 452 1343 prehendimus,
470 1264 600 1345 apparet
618 1257 711 1323 fidem
727 1264 759 1323 et
773 1258 989 1324 auctoritatem
1003 1259 1130 1326 illorum
1146 1261 1253 1327 verbo·

221 1385 292 1428 rum
306 1358 349 1437 ὥς
363 1359 400 1429 ἐν
413 1369 480 1437 τοῖς
494 1359 571 1447 περὶ
585 1359 711 1428 ἐκείνου
726 1363 902 1447 γέγραπται
918 1384 1086 1451 eorumque
1101 1365 1255 1430 similium

223 1465 346 1551 saepius
375 1486 441 1530 esse
467 1464 605 1545 nullam,
639 1486 711 1529 cum
744 1464 861 1549 partim
886 1465 968 1530 inter
996 1487 1029 1530 se
1057 1467 1253 1547 dissentiunt,

222 1571 336 1656 partim
358 1571 470 1634 insana
493 1569 565 1650 sint,
588 1570 704 1655 partim
725 1570 897 1635 sententiae
911 1571 1045 1635 formam
1060 1572 1252 1651 conturbent,

222 1673 338 1758 purtim
364 1672 489 1738 hiatum
521 1693 541 1736 a
574 1672 735 1738 Plutarchi
768 1693 908 1741 sermone
940 1672 1079 1738 alienum
1111 1674 1253 1738 efficiant

222 1777 353 1869 Inicitur
380 1797 450 1860 ergo
479 1776 583 1843 animo
611 1777 791 1863 scrupulus,
819 1777 860 1840 iis
886 1776 921 1839 in
948 1777 1063 1861 quibus
1084 1778 1184 1861 prirno
1207 1797 1255 1840 as·

222 1887 314 1967 pectu
336 1882 416 1946 nihil
437 1881 680 1967 vituperandum
701 1881 834 1961 videtur,
864 1880 1055 1962 argumentis
1077 1880 1126 1945 uti
1147 1881 1182 1943 in
1205 1902 1254 1945 ex-

223 1982 373 2068 quirendo
402 1983 508 2051 ordine
532 1980 670 2048 vitarum
692 1981 861 2047 Plutarchi.
907 1980 990 2046 Sunt
1011 1988 1117 2047 tamen
1139 1983 1254 2068 quihus

223 2085 362 2150 diffidere
382 2107 453 2151 mea
474 2087 601 2172 quidem
623 2085 778 2152 sententis
800 2084 941 2168 argutius
957 2106 1053 2171 quam
1068 2085 1181 2151 rectius
1197 2091 1253 2150 est.

222 2190 303 2255 Nam
326 2210 362 2255 ea
382 2212 462 2277 quae
484 2191 591 2277 spuria
614 2198 696 2272 sunt,
721 2191 761 2257 ab
784 2190 965 2256 hominibus
985 2190 1093 2256 addita
1108 2190 1255 2256 videntur

222 2294 277 2378 qui
298 2293 442 2377 legebant
463 2293 545 2358 Plut.
572 2293 669 2373 vitas,
698 2314 761 2359 non
790 2314 851 2378 quo
877 2292 1101 2378 interpolarent
1128 2300 1159 2358 et
1185 2314 1254 2357 mu·

222 2401 325 2461 tarent
339 2396 552 2478 Plutarchum,
576 2398 631 2462 sed
653 2397 736 2481 quod
758 2397 792 2460 in
807 2396 935 2479 legendo
950 2397 1166 2475 meminerant,
1190 2395 1253 2459 alio

223 2500 288 2567 loco
315 2522 347 2564 se
375 2502 434 2568 hoc
460 2502 494 2566 in
516 2501 682 2567 Plutarcho
710 2501 775 2564 iam
804 2501 928 2584 legisse3
956 2500 1039 2585 quod
1066 2500 1163 2582 igitur
1190 2521 1253 2562 me·

222 2604 378 2668 minerunt
400 2604 459 2669 hoc
479 2604 513 2668 in
532 2603 672 2686 margine
686 2602 904 2686 ascripserunt,
928 2599 1040 2664 deinde
1054 2599 1253 2665 librariorum

223 2728 323 2773 errore
350 2707 427 2772 haec
453 2709 548 2772 verba
575 2728 647 2772 cum
674 2704 835 2769 Plutarchi
861 2703 961 2789 ipsius
988 2703 1152 2768 coniuncte
1180 2709 1254 2767 sunt

223 2807 274 2895 (cf.
298 2808 364 2875 Cet.
392 2810 445 2876 Ut.
473 2811 545 2897 22);
574 2831 636 2896 qua
663 2811 698 2875 in
724 2831 758 2874 re
784 2808 833 2873 illi
860 2808 1002 2875 homines
1032 2827 1103 2872 cum
1131 2827 1193 2871 non
1220 2805 1254 2868 irl

223 2920 356 2995 agerent,
381 2920 418 2978 ut
439 2913 643 2981 Plutarchum
665 2919 895 2999 corrumperent
917 2916 973 2977 aut
995 2914 1151 2992 augerent,
1175 2930 1255 2972 sem·
1329 2994 1331 2997 Ι

222 3036 277 3100 per
298 3018 468 3083 utebantur
489 3017 582 3082 tertia
595 3038 735 3103 persona,
760 3015 941 3102 saepissime
962 3035 1034 3079 vero
1048 3011 1106 3077 illa
1120 3012 1255 3098 simplici

220 3120 355 3187 formula
377 3121 420 3198 ὥς
434 3117 469 3187 ἐν
490 3127 558 3197 τοῖς
580 3119 656 3206 περὶ
677 3116 803 3186 ἐκείνου
825 3117 1002 3202 γέγραπται
1024 3115 1074 3201 [cl.
1092 3116 1184 3181 Thes.
1202 3117 1253 3183 27.

222 3222 273 3287 36.
297 3222 381 3289 Cam.
405 3224 456 3289 33.
479 3223 545 3288 Per.
570 3223 599 3287 9.
641 3221 792 3288 1111122.
816 3219 890 3285 Coto
913 3218 1000 3285 Oens.
1025 3219 1074 3284 12.
1117 3218 1199 3284 Phil.
1224 3221 1253 3284 8.

222 3324 299 3388 Mar.
323 3326 352 3391 6.
376 3325 485 3410 Pyrrh.
510 3329 539 3392 8.
562 3327 655 3409 Ages.
679 3325 710 3390 4.
733 3325 785 3390 20.
809 3325 860 3390 28.
888 3323 994 3408 Pomp.
1020 3323 1069 3388 16.
1094 3322 1178 3387 Caes.
1202 3322 1255 3387 59.·

223 3427 287 3495 eat.
311 3430 363 3496 Ut.
395 3430 424 3494 1.
453 3432 504 3498 22.
534 3433 584 3496 73.
614 3431 645 3496 O.
676 3431 726 3494 Gr.
760 3430 808 3494 10.
843 3427 930 3492 Brut.
960 3425 1005 3510 9.]
1037 3447 1099 3512 que
1128 3425 1255 3492 omnino

222 3532 256 3598 in
278 3541 385 3600 nostra
407 3535 586 3619 quaestione
606 3534 828 3602 abstinendum
843 3539 898 3612 est,
923 3536 953 3596 et
968 3531 1018 3595 cui
1032 3530 1126 3594 fidem
1140 3529 1256 3595 habere

222 3631 481 3720 negligentissimi
503 3645 584 3702 esset
605 3637 751 3702 hominis.
801 3635 862 3701 Sed
891 3633 954 3699 alia
981 3632 1118 3699 condicio
1147 3652 1256 3697 earum

222 3743 392 3807 formarum
415 3748 471 3822 est,
495 3743 529 3807 in
551 3742 665 3827 quibus
687 3741 789 3826 primu
810 3739 898 3805 verbi
919 3758 1050 3824 persona
1070 3742 1255 3823 usurpatur3

222 3841 273 3905 his
300 3850 421 3928 praeter
448 3842 652 3908 Plutarchum
679 3843 728 3906 uti
749 3860 812 3907 non
832 3840 950 3926 potuit,
980 3839 1042 3903 nisi
1070 3837 1124 3923 qui
1152 3845 1256 3903 conta·

222 3947 343 4012 minare
366 3956 397 4013 et
419 3969 612 4033 corrumpere
635 3946 702 4010 eius
725 3946 840 4030 scripta
862 3945 1017 4023 studebat,
1045 3942 1128 4028 quod
1149 3949 1256 4007 temen

222 4048 306 4113 hunc
332 4052 366 4113 in
388 4050 517 4113 modum
538 4070 690 4134 umquam
714 4051 830 4112 factum
854 4067 934 4125 esse,
963 4066 1019 4107 nec
1046 4066 1101 4127 per
1123 4066 1156 4107 se
1176 4046 1255 4108 veri-
