2866 4482
638 204 842 271 -17-.

220 398 391 468 perpaucae
425 378 539 465 quibus
572 376 654 443 desit
681 375 886 462 comparatio,
922 373 1026 440 deesse
1054 373 1135 440 hanc
1168 373 1259 440 nobis

221 485 363 572 quidem,
399 483 535 551 adfuisse
567 502 640 547 vero
677 480 860 566 aequalibus
889 479 1051 547 Plutarchi
1077 479 1260 566 praesertim
1310 522 1313 529 »

221 612 293 655 cnm
315 589 420 675 plures
442 589 525 656 uitas
547 588 582 652 in
604 589 665 653 fine
687 586 800 653 autin
821 585 912 652 initio
933 585 1098 652 mutilatas
1114 605 1179 651 esse
1194 583 1260 649 iam

221 694 367 785 omnibus
390 693 549 777 cognitum
570 691 621 757 sit.
644 727 687 739 —
701 688 740 755 In
762 689 894 778 singulis
909 709 981 756 vero
1002 689 1100 771 libris,
1124 709 1259 775 quorum

222 799 419 882 vigintiduo
443 803 565 878 extant,
592 795 660 860 eius
688 815 809 880 semper
830 794 945 876 vitam,
976 794 1032 879 qui
1053 800 1191 880 tempore
1214 793 1258 858 al«

222 906 326 966 terum
343 899 515 985 praecedit,
547 897 638 963 alteri
660 895 852 982 anteposuit,
882 896 965 981 quod
987 916 1059 961 cum
1081 917 1119 962 ex
1142 895 1258 977 ordine,
1378 897 1383 904 '

226 1023 289 1088 quo
317 1002 458 1084 singulae
482 1001 622 1084 bigarum
646 999 729 1066 vitae
751 998 885 1067 traditae
908 1005 994 1080 sunt,
1025 998 1129 1082 colligi
1149 1004 1259 1085 potest,

222 1113 292 1170 tum
313 1102 475 1168 Plutarchi
504 1102 603 1188 ipsius
625 1101 729 1169 verbis
752 1100 964 1167 consumatur.
1008 1100 1094 1166 Dicit
1120 1101 1204 1166 enim
1225 1102 1261 1165 in

222 1208 290 1275 vita
310 1207 401 1273 Dion.
424 1207 461 1272 2:
482 1202 541 1272 τὸυ
562 1206 623 1270 τοῦ
647 1205 869 1290 πρεσβυτέρου
896 1202 1199 1290 προεισαγάγωμεν,
1227 1206 1261 1270 in

221 1310 289 1376 vita
302 1309 463 1378 Demosth.
486 1311 521 1385 3:
543 1309 691 1376 Λεκτέον
711 1304 748 1373 δὲ
764 1306 841 1393 περὶ
862 1308 922 1373 τοῦ
939 1309 1159 1394 πρεσβυτέρου
1180 1305 1260 1393 πρό·
1296 1387 1302 1396 Ο

222 1432 327 1497 cepoe,
342 1411 455 1477 inTib.
468 1411 521 1476 Gr.
533 1411 569 1476 3:
585 1409 718 1478 λεκτέυυ
730 1391 791 1476 οὖν
801 1408 866 1496 ἰδίᾳ
882 1408 957 1495 περὶ
968 1409 1121 1495 ἑκατέρου
1133 1412 1213 1495 περὶ
1224 1403 1261 1475 δὲ

49 1492 59 1561 l
137 1592 141 1601 ,
222 1515 283 1578 acri
294 1513 515 1598 πρεσβυτέρου
525 1508 703 1598 apocopum
719 1511 873 1598 quomodo
886 1533 958 1577 cum
977 1512 1117 1577 ordinem
1134 1511 1260 1578 institu÷

225 1621 296 1696 eret,
319 1617 439 1681 lactum
453 1620 508 1696 est,
531 1620 569 1679 ut
589 1616 652 1679 lere
673 1636 794 1701 semper
809 1613 919 1679 Graeci
933 1612 1070 1680 hominis
1084 1613 1152 1679 vita
1174 1620 1260 1681 ante·

225 1717 353 1798 cederet,
376 1723 569 1802 nontamen,
593 1723 630 1782 ut
644 1719 739 1783 verba
762 1716 828 1782 eius
848 1723 1012 1796 testantur,
1036 1715 1112 1802 quia
1126 1717 1261 1793 Graecus

225 1825 299 1900 erat,
323 1820 475 1895 Graecum
496 1818 682 1904 anteposuit,
711 1825 742 1884 et
762 1812 892 1884 Lionius
922 1817 977 1902 qui
1006 1817 1148 1882 ordinem
1175 1818 1260 1883 hunc

227 1943 276 2001 ,ex
304 1921 418 1986 eximia
446 1942 572 2006 prorsus
600 1942 664 2006 qua
691 1921 827 2006 patriam
856 1919 967 1985 dilexit
1000 1919 1135 1985 caritate’
1165 1920 1261 2005 expli-

227 2021 362 2087 candum
390 2045 455 2089 esse
481 2024 616 2110 putavit,
650 2024 740 2107 longe
766 2045 786 2089 a
812 2044 884 2089 vero
906 2022 1074 2105 aberravit
1092 2021 1143 2109 (cl.
1172 2021 1260 2087 Lion.

225 2125 246 2190 l.
270 2125 291 2189 l.
314 2146 344 2210 p.
374 2125 442 2211 31).
491 2127 561 2191 Iam
591 2147 664 2192 roro
693 2127 754 2191 duo
785 2125 991 2192 inveniuntur
1013 2125 1087 2210 iuga
1113 2124 1260 2207 vitorum,

224 2229 258 2294 in
292 2228 417 2315 quibus,
451 2231 512 2316 qui„
540 2237 678 2317 tempore
706 2231 826 2313 anteiit,
861 2230 951 2296 alteri
982 2229 1173 2316 postpositus
1206 2235 1261 2311 est,

225 2331 368 2416 sequitur
398 2331 483 2396 enim
509 2333 663 2399 Eumenes
696 2333 870 2400 Sertorium
904 2340 935 2399 et
961 2332 1162 2399 Alcibiadem
1195 2330 1265 2397 Cor·

224 2435 355 2503 iolanus.
392 2435 499 2521 Atque
520 2437 555 2500 in
570 2437 698 2503 Sertorii
720 2438 848 2523 quidem
866 2444 897 2503 et
911 2436 1059 2502 Eumenis
1074 2435 1158 2516 vitis,
1184 2456 1265 2521 quae

226 2545 271 2603 est
293 2538 468 2628 coniunctio
490 2540 641 2624 prooemii
663 2540 739 2625 (cpt.
765 2539 798 2625 1)
827 2561 899 2605 eum
925 2540 993 2605 vita
1021 2538 1157 2620 Sertorii,
1183 2539 1259 2625 (opt.

225 2638 344 2725 2-27)
367 2639 476 2722 negari
497 2660 560 2705 non
574 2646 686 2726 potest,
709 2641 794 2706 hunc
808 2641 949 2718 ordinem
970 2639 1171 2707 aPlutarcho
1194 2640 1263 2726 ipso

226 2739 368 2807 effectum
390 2762 470 2824 esse;
492 2741 527 2805 in
548 2741 622 2808 vitis
637 2741 741 2807 Alcib.
759 2749 790 2808 et
812 2741 921 2808 Coriol.
946 2763 1019 2809 cum
1038 2741 1164 2806 nullum
1178 2762 1264 2827 prae

223 2845 322 2909 finum
343 2844 386 2910 sit
406 2843 610 2929 prooemium,
640 2844 713 2910 ordo
735 2844 884 2929 facillime
906 2846 1024 2931 mutari
1044 2852 1154 2932 potest.
1201 2844 1264 2910 Nec

225 2938 448 3029 dubitandum,
472 2948 597 3033 quin-re
611 2969 685 3015 vera
705 2948 877 3015 mutandus
899 2949 954 3033 sit3
977 2971 1052 3016 nam
1075 2971 1147 3015 cum
1160 2949 1263 3016 Alcib.

225 3057 256 3115 et
278 3049 387 3115 Coriol.
411 3051 496 3116 vitae
518 3050 553 3114 in
575 3051 721 3117 extremis
743 3052 904 3137 ponendae
925 3053 997 3134 sint,
1026 3053 1168 3135 omnium
1191 3075 1263 3119 vero

223 3151 381 3236 prioribus
409 3152 603 3238 temporibus
632 3153 818 3239 scriptarum
846 3154 921 3219 ordo
952 3154 1054 3218 ordini
1081 3154 1196 3219 harum
1217 3176 1263 3220 re-

223 3263 349 3341 pugnet,
380 3258 414 3322 in
441 3256 575 3324 Antonii
602 3266 708 3324 autem
738 3264 768 3322 et
795 3258 958 3331 Demetrii,
974 3259 1060 3341 uitis,
1094 3280 1174 3344 quae
1202 3280 1265 3326 non

224 3358 324 3424 multo
352 3366 425 3424 ante
453 3360 526 3429 illas
556 3362 689 3448 scriptae
717 3368 800 3444 sunt,
834 3362 969 3429 usitatus
995 3369 1030 3448 et
1056 3361 1264 3450 praescriptus

226 3458 300 3528 ordo
324 3459 512 3543 inveniatur,
536 3483 599 3528 non
623 3471 669 3529 est
684 3463 870 3549 putandum,
884 3464 929 3530 ‘in
949 3463 1095 3531 extremis
1118 3462 1197 3545 bigis
1219 3462 1264 3527 vi-

225 3568 330 3631 tarum
357 3585 473 3630 nouam
503 3566 564 3631 sibi
592 3588 736 3633 normam
763 3576 793 3633 et
827 3568 968 3651 regulam
995 3567 1112 3633 ordinis
1139 3566 1265 3632 finxisse
1381 3554 1388 3567 ’

224 3662 439 3732 Plutarchum.
484 3667 523 3731 ln
546 3668 680 3733 Sertorio
711 3677 818 3735 autem
846 3676 876 3734 et
898 3669 1036 3734 Eumene
1062 3668 1119 3753 qui
1141 3668 1205 3747 fiat,
1229 3672 1265 3733 ut

212 3764 298 3831 'ordo
321 3766 404 3833 alius
427 3768 477 3850 sit,
500 3768 607 3854 paullo
629 3776 702 3855 post
722 3791 810 3856 spero
835 3769 977 3835 elucebit.
995 3768 1167 3833 -Omnes
1189 3788 1262 3833 vero

223 3869 391 3953 parallelae
414 3872 498 3939 vitae
528 3872 631 3939 Sessio
661 3873 824 3938 Senecioni
853 3872 906 3959 (de
929 3893 989 3958 quo
1012 3871 1204 3938 Volkmanni
1226 3871 1265 3937 de

215 3971 306 4039 'Plut
337 3975 417 4041 liber
446 3975 674 4064 inspiciendus)
701 3977 816 4042 missac
843 3984 924 4043 sunt.
970 3976 1152 4062 Alloquitur
1181 3975 1265 4042 enim

1036 4094 1053 4146 2
