<?xml version="1.0" encoding="UTF-8"?>
<!DOCTYPE html PUBLIC "-//W3C//DTD XHTML 1.0 Transitional//EN"
    "http://www.w3.org/TR/xhtml1/DTD/xhtml1-transitional.dtd">
<html xmlns="http://www.w3.org/1999/xhtml" xml:lang="en" lang="en">
 <head>
  <title>
</title>
<meta http-equiv="Content-Type" content="text/html;charset=utf-8" />
  <meta name='ocr-system' content='tesseract 3.04.00' />
  <meta name='ocr-capabilities' content='ocr_page ocr_carea ocr_par ocr_line ocrx_word'/>
</head>
<body>
  <div class='ocr_page' id='page_1' title='image "./deordinevitarum00michgoog_0040.png"; bbox 0 0 2866 4482; ppageno 0'>
   <div class='ocr_carea' id='block_1_1' title="bbox 637 236 838 302">
    <p class='ocr_par' dir='ltr' id='par_1_1' title="bbox 637 236 838 302">
     <span class='ocr_line' id='line_1_1' title="bbox 637 236 838 302; baseline 0.005 -17"><span class='ocrx_word' id='word_1_1' title='bbox 637 236 838 302; x_wconf 58' lang='lat'><strong>„31-</strong></span> 
     </span>
    </p>
   </div>
   <div class='ocr_carea' id='block_1_2' title="bbox 215 406 1257 4097">
    <p class='ocr_par' dir='ltr' id='par_1_2' title="bbox 215 406 1257 4097">
     <span class='ocr_line' id='line_1_2' title="bbox 216 406 1251 497; baseline -0.001 -21"><span class='ocrx_word' id='word_1_2' title='bbox 216 411 288 495; x_wconf 81' lang='grc' dir='ltr'><em>βίον</em></span> <span class='ocrx_word' id='word_1_3' title='bbox 310 409 388 486; x_wconf 81' lang='grc' dir='ltr'><strong><em>δόξα</em></strong></span> <span class='ocrx_word' id='word_1_4' title='bbox 410 407 465 474; x_wconf 86' lang='grc' dir='ltr'><strong>καὶ</strong></span> <span class='ocrx_word' id='word_1_5' title='bbox 486 411 593 485; x_wconf 75' lang='grc' dir='ltr'><em>πίστις</em></span> <span class='ocrx_word' id='word_1_6' title='bbox 613 413 674 474; x_wconf 78' lang='lat' dir='ltr'><strong>cori</strong></span> <span class='ocrx_word' id='word_1_7' title='bbox 695 406 821 497; x_wconf 80' lang='grc' dir='ltr'><em>ἀνδρός.</em></span> <span class='ocrx_word' id='word_1_8' title='bbox 864 410 962 475; x_wconf 89' lang='lat' dir='ltr'><strong>Nemo</strong></span> <span class='ocrx_word' id='word_1_9' title='bbox 986 411 1190 478; x_wconf 78' lang='lat' dir='ltr'><strong>arbitrabitur</strong></span> <span class='ocrx_word' id='word_1_10' title='bbox 1217 411 1251 475; x_wconf 87' lang='lat' dir='ltr'><strong>iu</strong></span> 
     </span>
     <span class='ocr_line' id='line_1_3' title="bbox 216 512 1252 579; baseline 0 -2"><span class='ocrx_word' id='word_1_11' title='bbox 216 513 283 578; x_wconf 88' lang='lat' dir='ltr'><strong>vita</strong></span> <span class='ocrx_word' id='word_1_12' title='bbox 304 512 470 578; x_wconf 72' lang='lat' dir='ltr'>Phocionis</span> <span class='ocrx_word' id='word_1_13' title='bbox 491 512 696 577; x_wconf 89' lang='lat' dir='ltr'><strong>Plutarchum</strong></span> <span class='ocrx_word' id='word_1_14' title='bbox 717 512 782 576; x_wconf 89' lang='lat' dir='ltr'><strong>iam</strong></span> <span class='ocrx_word' id='word_1_15' title='bbox 803 512 845 577; x_wconf 84' lang='lat' dir='ltr'><strong>ad</strong></span> <span class='ocrx_word' id='word_1_16' title='bbox 867 517 982 577; x_wconf 88' lang='lat' dir='ltr'><strong>certam</strong></span> <span class='ocrx_word' id='word_1_17' title='bbox 1008 512 1046 576; x_wconf 90' lang='lat' dir='ltr'><strong>de</strong></span> <span class='ocrx_word' id='word_1_18' title='bbox 1067 513 1252 579; x_wconf 88' lang='lat' dir='ltr'><strong>auctoritate</strong></span> 
     </span>
     <span class='ocr_line' id='line_1_4' title="bbox 215 614 1251 699; baseline -0.002 -18"><span class='ocrx_word' id='word_1_19' title='bbox 215 617 368 682; x_wconf 89' lang='lat' dir='ltr'><strong>bonorum</strong></span> <span class='ocrx_word' id='word_1_20' title='bbox 393 635 518 680; x_wconf 91' lang='lat' dir='ltr'><strong>morum</strong></span> <span class='ocrx_word' id='word_1_21' title='bbox 547 614 735 680; x_wconf 80' lang='lat' dir='ltr'>sententiam</span> <span class='ocrx_word' id='word_1_22' title='bbox 762 634 959 699; x_wconf 81' lang='lat' dir='ltr'><strong>progressum</strong></span> <span class='ocrx_word' id='word_1_23' title='bbox 985 614 1097 695; x_wconf 87' lang='lat' dir='ltr'><strong>fuisse,</strong></span> <span class='ocrx_word' id='word_1_24' title='bbox 1125 621 1194 679; x_wconf 88' lang='lat' dir='ltr'><strong>tum</strong></span> <span class='ocrx_word' id='word_1_25' title='bbox 1216 614 1251 680; x_wconf 92' lang='lat' dir='ltr'><strong>in</strong></span> 
     </span>
     <span class='ocr_line' id='line_1_5' title="bbox 215 715 1251 796; baseline -0.001 -14"><span class='ocrx_word' id='word_1_26' title='bbox 215 716 282 782; x_wconf 82' lang='lat' dir='ltr'><strong>rita</strong></span> <span class='ocrx_word' id='word_1_27' title='bbox 308 716 528 782; x_wconf 83' lang='lat' dir='ltr'><strong>Demosthenis</strong></span> <span class='ocrx_word' id='word_1_28' title='bbox 556 716 731 796; x_wconf 81' lang='lat' dir='ltr'><strong>dubitasse,</strong></span> <span class='ocrx_word' id='word_1_29' title='bbox 763 715 875 780; x_wconf 90' lang='lat' dir='ltr'><strong>deinde</strong></span> <span class='ocrx_word' id='word_1_30' title='bbox 902 715 936 779; x_wconf 90' lang='lat' dir='ltr'><strong>in</strong></span> <span class='ocrx_word' id='word_1_31' title='bbox 962 716 1029 781; x_wconf 85' lang='lat' dir='ltr'><strong>vita</strong></span> <span class='ocrx_word' id='word_1_32' title='bbox 1054 716 1181 781; x_wconf 82' lang='lat' dir='ltr'><strong>Periclis</strong></span> <span class='ocrx_word' id='word_1_33' title='bbox 1210 717 1251 781; x_wconf 91' lang='lat' dir='ltr'><strong>ad</strong></span> 
     </span>
     <span class='ocr_line' id='line_1_6' title="bbox 218 817 1249 909; baseline -0.001 -27"><span class='ocrx_word' id='word_1_34' title='bbox 218 819 349 884; x_wconf 91' lang='lat' dir='ltr'><strong>eandem</strong></span> <span class='ocrx_word' id='word_1_35' title='bbox 372 819 518 884; x_wconf 78' lang='lat' dir='ltr'><strong>recidisse</strong></span> <span class='ocrx_word' id='word_1_36' title='bbox 533 818 728 898; x_wconf 87' lang='lat' dir='ltr'><strong>sententiam,</strong></span> <span class='ocrx_word' id='word_1_37' title='bbox 753 838 847 903; x_wconf 90' lang='lat' dir='ltr'><strong>quam</strong></span> <span class='ocrx_word' id='word_1_38' title='bbox 870 817 905 881; x_wconf 87' lang='lat' dir='ltr'><strong>in</strong></span> <span class='ocrx_word' id='word_1_39' title='bbox 918 817 1072 909; x_wconf 76' lang='lat' dir='ltr'><strong>Phocione</strong></span> <span class='ocrx_word' id='word_1_40' title='bbox 1086 817 1249 884; x_wconf 86' lang='lat' dir='ltr'><strong>habuerat.</strong></span> 
     </span>
     <span class='ocr_line' id='line_1_7' title="bbox 217 922 1249 1008; baseline -0.001 -20"><span class='ocrx_word' id='word_1_41' title='bbox 217 922 279 988; x_wconf 86' lang='lat' dir='ltr'><strong>Sed</strong></span> <span class='ocrx_word' id='word_1_42' title='bbox 294 944 366 987; x_wconf 90' lang='lat' dir='ltr'><strong>cum</strong></span> <span class='ocrx_word' id='word_1_43' title='bbox 380 923 530 988; x_wconf 84' lang='lat' dir='ltr'><strong>Periclem</strong></span> <span class='ocrx_word' id='word_1_44' title='bbox 552 928 624 1008; x_wconf 90' lang='lat' dir='ltr'><strong>post</strong></span> <span class='ocrx_word' id='word_1_45' title='bbox 638 922 815 987; x_wconf 79' lang='lat' dir='ltr'><strong>Ciceronem</strong></span> <span class='ocrx_word' id='word_1_46' title='bbox 838 922 989 1008; x_wconf 89' lang='lat' dir='ltr'><strong>seriptum</strong></span> <span class='ocrx_word' id='word_1_47' title='bbox 1011 943 1078 987; x_wconf 90' lang='lat' dir='ltr'><strong>esse</strong></span> <span class='ocrx_word' id='word_1_48' title='bbox 1103 922 1249 1003; x_wconf 86' lang='lat' dir='ltr'><strong>sciamus,</strong></span> 
     </span>
     <span class='ocr_line' id='line_1_8' title="bbox 216 1027 1251 1114; baseline -0.002 -22"><span class='ocrx_word' id='word_1_49' title='bbox 216 1034 288 1113; x_wconf 90' lang='lat' dir='ltr'><strong>post</strong></span> <span class='ocrx_word' id='word_1_50' title='bbox 315 1028 491 1093; x_wconf 82' lang='lat' dir='ltr'><strong>Ciceronem</strong></span> <span class='ocrx_word' id='word_1_51' title='bbox 525 1048 595 1092; x_wconf 92' lang='lat' dir='ltr'><strong>eam</strong></span> <span class='ocrx_word' id='word_1_52' title='bbox 628 1048 751 1112; x_wconf 88' lang='lat' dir='ltr'><strong>quoque</strong></span> <span class='ocrx_word' id='word_1_53' title='bbox 784 1027 972 1094; x_wconf 89' lang='lat' dir='ltr'><strong>sententiam</strong></span> <span class='ocrx_word' id='word_1_54' title='bbox 1004 1027 1085 1092; x_wconf 90' lang='lat' dir='ltr'><strong>Plut.</strong></span> <span class='ocrx_word' id='word_1_55' title='bbox 1120 1027 1251 1114; x_wconf 91' lang='lat' dir='ltr'><strong>adeptus</strong></span> 
     </span>
     <span class='ocr_line' id='line_1_9' title="bbox 218 1127 1251 1216; baseline 0 -22"><span class='ocrx_word' id='word_1_56' title='bbox 218 1136 279 1210; x_wconf 89' lang='lat' dir='ltr'><strong>est,</strong></span> <span class='ocrx_word' id='word_1_57' title='bbox 303 1150 400 1216; x_wconf 88' lang='lat' dir='ltr'><strong>quam</strong></span> <span class='ocrx_word' id='word_1_58' title='bbox 425 1131 460 1194; x_wconf 90' lang='lat' dir='ltr'><strong>in</strong></span> <span class='ocrx_word' id='word_1_59' title='bbox 487 1130 642 1195; x_wconf 83' lang='lat' dir='ltr'><strong>Phocione</strong></span> <span class='ocrx_word' id='word_1_60' title='bbox 669 1127 776 1197; x_wconf 87' lang='lat' dir='ltr'><strong>edidit.</strong></span> <span class='ocrx_word' id='word_1_61' title='bbox 819 1129 892 1210; x_wconf 89' lang='lat' dir='ltr'><strong>His,</strong></span> <span class='ocrx_word' id='word_1_62' title='bbox 917 1130 945 1192; x_wconf 90' lang='lat' dir='ltr'><strong>si</strong></span> <span class='ocrx_word' id='word_1_63' title='bbox 973 1129 1044 1214; x_wconf 89' lang='lat' dir='ltr'><strong>quis</strong></span> <span class='ocrx_word' id='word_1_64' title='bbox 1071 1128 1134 1194; x_wconf 91' lang='lat' dir='ltr'><strong>alia</strong></span> <span class='ocrx_word' id='word_1_65' title='bbox 1161 1150 1251 1212; x_wconf 84' lang='lat' dir='ltr'><strong>argu·</strong></span> 
     </span>
     <span class='ocr_line' id='line_1_10' title="bbox 217 1230 1252 1317; baseline 0.002 -20"><span class='ocrx_word' id='word_1_66' title='bbox 217 1239 323 1298; x_wconf 90' lang='lat' dir='ltr'><strong>menta</strong></span> <span class='ocrx_word' id='word_1_67' title='bbox 345 1232 550 1312; x_wconf 85' lang='lat' dir='ltr'><strong>desiderabit,</strong></span> <span class='ocrx_word' id='word_1_68' title='bbox 577 1230 691 1317; x_wconf 88' lang='lat' dir='ltr'><strong>poterit</strong></span> <span class='ocrx_word' id='word_1_69' title='bbox 713 1230 800 1311; x_wconf 89' lang='lat' dir='ltr'><strong>addi,</strong></span> <span class='ocrx_word' id='word_1_70' title='bbox 831 1232 1010 1299; x_wconf 83' lang='lat' dir='ltr'><strong>Thebarum</strong></span> <span class='ocrx_word' id='word_1_71' title='bbox 1038 1232 1195 1297; x_wconf 82' lang='lat' dir='ltr'><strong>excidium</strong></span> <span class='ocrx_word' id='word_1_72' title='bbox 1221 1238 1252 1299; x_wconf 91' lang='lat' dir='ltr'><strong>ct</strong></span> 
     </span>
     <span class='ocr_line' id='line_1_11' title="bbox 216 1335 1253 1422; baseline -0.001 -20"><span class='ocrx_word' id='word_1_73' title='bbox 216 1337 435 1402; x_wconf 88' lang='lat' dir='ltr'><strong>Demosthenis</strong></span> <span class='ocrx_word' id='word_1_74' title='bbox 476 1335 707 1422; x_wconf 79' lang='lat' dir='ltr'><strong>Hyperidisquc</strong></span> <span class='ocrx_word' id='word_1_75' title='bbox 745 1342 876 1402; x_wconf 87' lang='lat' dir='ltr'><strong>mortem</strong></span> <span class='ocrx_word' id='word_1_76' title='bbox 917 1337 952 1400; x_wconf 87' lang='lat' dir='ltr'><strong>in</strong></span> <span class='ocrx_word' id='word_1_77' title='bbox 983 1337 1148 1403; x_wconf 86' lang='lat' dir='ltr'><strong>Phocionis</strong></span> <span class='ocrx_word' id='word_1_78' title='bbox 1186 1337 1253 1404; x_wconf 87' lang='lat' dir='ltr'><strong>vita</strong></span> 
     </span>
     <span class='ocr_line' id='line_1_12' title="bbox 218 1440 1252 1524; baseline 0.002 -20"><span class='ocrx_word' id='word_1_79' title='bbox 218 1443 334 1507; x_wconf 88' lang='lat' dir='ltr'><strong>cursim</strong></span> <span class='ocrx_word' id='word_1_80' title='bbox 353 1447 481 1508; x_wconf 90' lang='lat' dir='ltr'><strong>tantum</strong></span> <span class='ocrx_word' id='word_1_81' title='bbox 503 1447 534 1505; x_wconf 92' lang='lat' dir='ltr'><strong>et</strong></span> <span class='ocrx_word' id='word_1_82' title='bbox 556 1440 655 1506; x_wconf 90' lang='lat' dir='ltr'><strong>obiter</strong></span> <span class='ocrx_word' id='word_1_83' title='bbox 677 1440 926 1522; x_wconf 89' lang='lat' dir='ltr'><strong>commemorari,</strong></span> <span class='ocrx_word' id='word_1_84' title='bbox 950 1440 1042 1524; x_wconf 88' lang='lat' dir='ltr'><strong>quasi</strong></span> <span class='ocrx_word' id='word_1_85' title='bbox 1064 1441 1130 1506; x_wconf 89' lang='lat' dir='ltr'><strong>iam</strong></span> <span class='ocrx_word' id='word_1_86' title='bbox 1152 1441 1190 1506; x_wconf 90' lang='lat' dir='ltr'><strong>de</strong></span> <span class='ocrx_word' id='word_1_87' title='bbox 1211 1442 1252 1506; x_wconf 90' lang='lat' dir='ltr'><strong>iis</strong></span> 
     </span>
     <span class='ocr_line' id='line_1_13' title="bbox 219 1538 1254 1630; baseline 0.003 -21"><span class='ocrx_word' id='word_1_88' title='bbox 219 1544 312 1630; x_wconf 87' lang='lat' dir='ltr'><strong>plura</strong></span> <span class='ocrx_word' id='word_1_89' title='bbox 335 1543 475 1630; x_wconf 88' lang='lat' dir='ltr'><strong>exposita</strong></span> <span class='ocrx_word' id='word_1_90' title='bbox 497 1541 613 1607; x_wconf 86' lang='lat' dir='ltr'><strong>luerint</strong></span> <span class='ocrx_word' id='word_1_91' title='bbox 635 1541 687 1627; x_wconf 87' lang='lat' dir='ltr'><strong>[cf.</strong></span> <span class='ocrx_word' id='word_1_92' title='bbox 711 1542 804 1607; x_wconf 91' lang='lat' dir='ltr'><strong>Phoc.</strong></span> <span class='ocrx_word' id='word_1_93' title='bbox 830 1542 885 1607; x_wconf 80' lang='lat'><strong>17:</strong></span> <span class='ocrx_word' id='word_1_94' title='bbox 904 1542 957 1617; x_wconf 88' lang='grc' dir='ltr'><strong>Ὡς</strong></span> <span class='ocrx_word' id='word_1_95' title='bbox 978 1538 1015 1607; x_wconf 77' lang='grc' dir='ltr'><strong>δὲ</strong></span> <span class='ocrx_word' id='word_1_96' title='bbox 1037 1538 1254 1612; x_wconf 76' lang='grc' dir='ltr'><em>ἀπολώλεσαν</em></span> 
     </span>
     <span class='ocr_line' id='line_1_14' title="bbox 218 1641 1252 1735; baseline 0 -22"><span class='ocrx_word' id='word_1_97' title='bbox 218 1649 251 1713; x_wconf 83' lang='grc' dir='ltr'><strong>αἱ</strong></span> <span class='ocrx_word' id='word_1_98' title='bbox 269 1652 379 1735; x_wconf 77' lang='grc' dir='ltr'><strong><em>Θῆβαι</em></strong></span> <span class='ocrx_word' id='word_1_99' title='bbox 400 1672 430 1716; x_wconf 85' lang='grc' dir='ltr'><strong>κ.</strong></span> <span class='ocrx_word' id='word_1_100' title='bbox 452 1670 480 1716; x_wconf 80' lang='grc' dir='ltr'><strong>υ.</strong></span> <span class='ocrx_word' id='word_1_101' title='bbox 503 1646 533 1713; x_wconf 90' lang='grc' dir='ltr'><strong>λ.</strong></span> <span class='ocrx_word' id='word_1_102' title='bbox 558 1652 587 1711; x_wconf 91' lang='lat' dir='ltr'><strong>et</strong></span> <span class='ocrx_word' id='word_1_103' title='bbox 610 1647 665 1712; x_wconf 77' lang='lat'><strong>29:</strong></span> <span class='ocrx_word' id='word_1_104' title='bbox 695 1646 739 1712; x_wconf 83' lang='lat'><strong>‘0</strong></span> <span class='ocrx_word' id='word_1_105' title='bbox 758 1641 794 1710; x_wconf 78' lang='grc' dir='ltr'><strong>δὲ</strong></span> <span class='ocrx_word' id='word_1_106' title='bbox 809 1648 1047 1734; x_wconf 73' lang='grc' dir='ltr'><em>Δημοσθένους</em></span> <span class='ocrx_word' id='word_1_107' title='bbox 1070 1643 1107 1713; x_wconf 80' lang='grc' dir='ltr'><strong>ἐν</strong></span> <span class='ocrx_word' id='word_1_108' title='bbox 1120 1647 1252 1714; x_wconf 79' lang='grc' dir='ltr'><em>Καλαυ-</em></span> 
     </span>
     <span class='ocr_line' id='line_1_15' title="bbox 218 1747 1250 1839; baseline 0.003 -24"><span class='ocrx_word' id='word_1_109' title='bbox 218 1753 272 1837; x_wconf 80' lang='grc' dir='ltr'><strong>ρίρ</strong></span> <span class='ocrx_word' id='word_1_110' title='bbox 294 1749 348 1817; x_wconf 89' lang='grc' dir='ltr'><strong>καὶ</strong></span> <span class='ocrx_word' id='word_1_111' title='bbox 373 1751 569 1835; x_wconf 79' lang='grc' dir='ltr'><em>Ὑπερείδου</em></span> <span class='ocrx_word' id='word_1_112' title='bbox 603 1747 686 1835; x_wconf 81' lang='grc' dir='ltr'><em>πρὸς</em></span> <span class='ocrx_word' id='word_1_113' title='bbox 712 1749 877 1825; x_wconf 81' lang='grc' dir='ltr'><strong><em>Κλεωναῖς</em></strong></span> <span class='ocrx_word' id='word_1_114' title='bbox 905 1751 1053 1827; x_wconf 76' lang='grc' dir='ltr'><em>θάνατος</em></span> <span class='ocrx_word' id='word_1_115' title='bbox 1078 1777 1106 1819; x_wconf 86' lang='grc' dir='ltr'><strong>κ.</strong></span> <span class='ocrx_word' id='word_1_116' title='bbox 1134 1776 1161 1820; x_wconf 79' lang='grc' dir='ltr'><strong>υ.</strong></span> <span class='ocrx_word' id='word_1_117' title='bbox 1190 1753 1250 1839; x_wconf 81' lang='grc' dir='ltr'><strong>λ.],</strong></span> 
     </span>
     <span class='ocr_line' id='line_1_16' title="bbox 220 1852 1252 1940; baseline 0.003 -23"><span class='ocrx_word' id='word_1_118' title='bbox 220 1874 301 1935; x_wconf 89' lang='lat' dir='ltr'><strong>quae</strong></span> <span class='ocrx_word' id='word_1_119' title='bbox 333 1854 439 1918; x_wconf 88' lang='lat' dir='ltr'><strong>omnia</strong></span> <span class='ocrx_word' id='word_1_120' title='bbox 470 1854 505 1917; x_wconf 87' lang='lat' dir='ltr'><strong>in</strong></span> <span class='ocrx_word' id='word_1_121' title='bbox 533 1852 692 1918; x_wconf 89' lang='lat' dir='ltr'><strong>Demosth.</strong></span> <span class='ocrx_word' id='word_1_122' title='bbox 722 1852 787 1917; x_wconf 86' lang='lat' dir='ltr'><strong>vita</strong></span> <span class='ocrx_word' id='word_1_123' title='bbox 814 1852 957 1937; x_wconf 88' lang='lat' dir='ltr'><strong>pluribus</strong></span> <span class='ocrx_word' id='word_1_124' title='bbox 984 1854 1138 1940; x_wconf 89' lang='lat' dir='ltr'><strong>explicata</strong></span> <span class='ocrx_word' id='word_1_125' title='bbox 1165 1862 1252 1937; x_wconf 80' lang='lat' dir='ltr'><strong>sunt3</strong></span> 
     </span>
     <span class='ocr_line' id='line_1_17' title="bbox 219 1953 1252 2044; baseline 0.003 -25"><span class='ocrx_word' id='word_1_126' title='bbox 219 1954 334 2039; x_wconf 89' lang='lat' dir='ltr'><strong>poterit</strong></span> <span class='ocrx_word' id='word_1_127' title='bbox 349 1953 481 2040; x_wconf 90' lang='lat' dir='ltr'><strong>denique</strong></span> <span class='ocrx_word' id='word_1_128' title='bbox 501 1956 716 2037; x_wconf 87' lang='lat' dir='ltr'><strong>demonstrari,</strong></span> <span class='ocrx_word' id='word_1_129' title='bbox 737 1957 885 2023; x_wconf 90' lang='lat' dir='ltr'><strong>Catonem</strong></span> <span class='ocrx_word' id='word_1_130' title='bbox 900 1958 1053 2022; x_wconf 90' lang='lat' dir='ltr'><strong>minorem</strong></span> <span class='ocrx_word' id='word_1_131' title='bbox 1067 1966 1252 2044; x_wconf 89' lang='lat' dir='ltr'><strong>postponen-</strong></span> 
     </span>
     <span class='ocr_line' id='line_1_18' title="bbox 222 2057 1251 2149; baseline 0.008 -28"><span class='ocrx_word' id='word_1_132' title='bbox 222 2057 299 2122; x_wconf 91' lang='lat' dir='ltr'><strong>dum</strong></span> <span class='ocrx_word' id='word_1_133' title='bbox 333 2079 398 2122; x_wconf 91' lang='lat' dir='ltr'><strong>esse</strong></span> <span class='ocrx_word' id='word_1_134' title='bbox 425 2060 571 2126; x_wconf 82' lang='lat' dir='ltr'><strong>Ciceroni.</strong></span> <span class='ocrx_word' id='word_1_135' title='bbox 625 2061 664 2125; x_wconf 89' lang='lat' dir='ltr'><strong>In</strong></span> <span class='ocrx_word' id='word_1_136' title='bbox 693 2062 848 2127; x_wconf 87' lang='lat' dir='ltr'><strong>Ciceronis</strong></span> <span class='ocrx_word' id='word_1_137' title='bbox 882 2063 966 2127; x_wconf 92' lang='lat' dir='ltr'><strong>enim</strong></span> <span class='ocrx_word' id='word_1_138' title='bbox 999 2064 1082 2128; x_wconf 84' lang='lat' dir='ltr'><strong>vitae</strong></span> <span class='ocrx_word' id='word_1_139' title='bbox 1114 2070 1182 2149; x_wconf 88' lang='lat' dir='ltr'><strong>cptc</strong></span> <span class='ocrx_word' id='word_1_140' title='bbox 1213 2065 1251 2129; x_wconf 80' lang='lat'><strong>17</strong></span> 
     </span>
     <span class='ocr_line' id='line_1_19' title="bbox 221 2152 1253 2243; baseline 0.006 -20"><span class='ocrx_word' id='word_1_141' title='bbox 221 2180 266 2243; x_wconf 90' lang='lat' dir='ltr'><strong>sq.</strong></span> <span class='ocrx_word' id='word_1_142' title='bbox 290 2181 361 2225; x_wconf 92' lang='lat' dir='ltr'><strong>cum</strong></span> <span class='ocrx_word' id='word_1_143' title='bbox 383 2162 528 2229; x_wconf 86' lang='lat' dir='ltr'><strong>universa</strong></span> <span class='ocrx_word' id='word_1_144' title='bbox 551 2164 722 2230; x_wconf 87' lang='lat' dir='ltr'><strong>coniuratio</strong></span> <span class='ocrx_word' id='word_1_145' title='bbox 739 2165 890 2230; x_wconf 86' lang='lat' dir='ltr'><strong>Catilinae</strong></span> <span class='ocrx_word' id='word_1_146' title='bbox 911 2165 1144 2231; x_wconf 89' lang='lat' dir='ltr'><strong>accuratissime</strong></span> <span class='ocrx_word' id='word_1_147' title='bbox 1166 2152 1253 2231; x_wconf 87' lang='lat' dir='ltr'><strong>cnar-</strong></span> 
     </span>
     <span class='ocr_line' id='line_1_20' title="bbox 219 2268 1253 2356; baseline 0.007 -27"><span class='ocrx_word' id='word_1_148' title='bbox 219 2272 321 2346; x_wconf 91' lang='lat' dir='ltr'><strong>ratur,</strong></span> <span class='ocrx_word' id='word_1_149' title='bbox 356 2271 424 2331; x_wconf 87' lang='lat' dir='ltr'><strong>turn</strong></span> <span class='ocrx_word' id='word_1_150' title='bbox 451 2268 621 2345; x_wconf 80' lang='lat' dir='ltr'><strong>Lentulum</strong></span> <span class='ocrx_word' id='word_1_151' title='bbox 650 2275 679 2335; x_wconf 89' lang='lat' dir='ltr'><strong>et</strong></span> <span class='ocrx_word' id='word_1_152' title='bbox 707 2269 875 2353; x_wconf 84' lang='lat' dir='ltr'><strong>Cethegum</strong></span> <span class='ocrx_word' id='word_1_153' title='bbox 903 2272 944 2335; x_wconf 92' lang='lat' dir='ltr'><strong>ab</strong></span> <span class='ocrx_word' id='word_1_154' title='bbox 972 2269 1042 2351; x_wconf 90' lang='lat' dir='ltr'><strong>illo,</strong></span> <span class='ocrx_word' id='word_1_155' title='bbox 1071 2276 1107 2336; x_wconf 92' lang='lat' dir='ltr'><strong>ut</strong></span> <span class='ocrx_word' id='word_1_156' title='bbox 1133 2278 1253 2356; x_wconf 85' lang='lat' dir='ltr'><strong>pestem</strong></span> 
     </span>
     <span class='ocr_line' id='line_1_21' title="bbox 217 2358 1253 2458; baseline 0.005 -26"><span class='ocrx_word' id='word_1_157' title='bbox 217 2369 290 2435; x_wconf 90' lang='lat' dir='ltr'><strong>urbi</strong></span> <span class='ocrx_word' id='word_1_158' title='bbox 311 2358 504 2451; x_wconf 82' lang='lat' dir='ltr'><strong>molirentur,</strong></span> <span class='ocrx_word' id='word_1_159' title='bbox 528 2372 646 2437; x_wconf 86' lang='lat' dir='ltr'><strong>Romae</strong></span> <span class='ocrx_word' id='word_1_160' title='bbox 668 2371 791 2436; x_wconf 87' lang='lat' dir='ltr'><strong>relictos</strong></span> <span class='ocrx_word' id='word_1_161' title='bbox 815 2392 881 2436; x_wconf 90' lang='lat' dir='ltr'><strong>esse</strong></span> <span class='ocrx_word' id='word_1_162' title='bbox 903 2373 1041 2437; x_wconf 87' lang='lat' dir='ltr'><strong>refertur.</strong></span> <span class='ocrx_word' id='word_1_163' title='bbox 1087 2374 1191 2458; x_wconf 86' lang='lat' dir='ltr'><strong>Atque</strong></span> <span class='ocrx_word' id='word_1_164' title='bbox 1218 2374 1253 2437; x_wconf 88' lang='lat' dir='ltr'><strong>in</strong></span> 
     </span>
     <span class='ocr_line' id='line_1_22' title="bbox 218 2473 1253 2544; baseline 0.007 -8"><span class='ocrx_word' id='word_1_165' title='bbox 218 2473 344 2539; x_wconf 91' lang='lat' dir='ltr'><strong>Lentuli</strong></span> <span class='ocrx_word' id='word_1_166' title='bbox 380 2475 571 2539; x_wconf 88' lang='lat' dir='ltr'><strong>mentionem</strong></span> <span class='ocrx_word' id='word_1_167' title='bbox 605 2495 677 2539; x_wconf 91' lang='lat' dir='ltr'><strong>cum</strong></span> <span class='ocrx_word' id='word_1_168' title='bbox 710 2477 859 2543; x_wconf 89' lang='lat' dir='ltr'><strong>incideret</strong></span> <span class='ocrx_word' id='word_1_169' title='bbox 891 2478 973 2543; x_wconf 90' lang='lat' dir='ltr'><strong>Plut.</strong></span> <span class='ocrx_word' id='word_1_170' title='bbox 1007 2478 1130 2544; x_wconf 91' lang='lat' dir='ltr'><strong>addidit</strong></span> <span class='ocrx_word' id='word_1_171' title='bbox 1162 2480 1253 2544; x_wconf 89' lang='lat' dir='ltr'><strong>haec:</strong></span> 
     </span>
     <span class='ocr_line' id='line_1_23' title="bbox 218 2576 1254 2669; baseline 0.008 -27"><span class='ocrx_word' id='word_1_172' title='bbox 218 2576 399 2664; x_wconf 75' lang='grc' dir='ltr'><em>Κορνήλιος</em></span> <span class='ocrx_word' id='word_1_173' title='bbox 420 2576 568 2652; x_wconf 78' lang='grc' dir='ltr'><em>Λέντλος</em></span> <span class='ocrx_word' id='word_1_174' title='bbox 590 2578 719 2663; x_wconf 77' lang='grc' dir='ltr'><em>Σούρας</em></span> <span class='ocrx_word' id='word_1_175' title='bbox 740 2576 925 2669; x_wconf 78' lang='grc' dir='ltr'><em>ἐπίκλησιν,</em></span> <span class='ocrx_word' id='word_1_176' title='bbox 953 2578 1037 2669; x_wconf 71' lang='grc' dir='ltr'><em>ἀνὴρ</em></span> <span class='ocrx_word' id='word_1_177' title='bbox 1059 2585 1170 2662; x_wconf 80' lang='grc' dir='ltr'><em>γένους</em></span> <span class='ocrx_word' id='word_1_178' title='bbox 1191 2579 1254 2666; x_wconf 80' lang='grc' dir='ltr'><strong>μὲν</strong></span> 
     </span>
     <span class='ocr_line' id='line_1_24' title="bbox 217 2673 1251 2772; baseline 0.008 -31"><span class='ocrx_word' id='word_1_179' title='bbox 217 2673 363 2760; x_wconf 72' lang='grc' dir='ltr'><em>ἐνδόξου,</em></span> <span class='ocrx_word' id='word_1_180' title='bbox 385 2675 548 2762; x_wconf 72' lang='grc' dir='ltr'><em>βεβιωκώς</em></span> <span class='ocrx_word' id='word_1_181' title='bbox 569 2674 606 2744; x_wconf 73' lang='grc' dir='ltr'><strong>δὲ</strong></span> <span class='ocrx_word' id='word_1_182' title='bbox 629 2676 764 2763; x_wconf 78' lang='grc' dir='ltr'><em>φαύλως</em></span> <span class='ocrx_word' id='word_1_183' title='bbox 785 2679 839 2745; x_wconf 85' lang='grc' dir='ltr'><strong>καὶ</strong></span> <span class='ocrx_word' id='word_1_184' title='bbox 854 2683 894 2747; x_wconf 81' lang='grc' dir='ltr'><strong>δι’</strong></span> <span class='ocrx_word' id='word_1_185' title='bbox 911 2680 1081 2766; x_wconf 74' lang='grc' dir='ltr'><em>ἀσέλγειαν</em></span> <span class='ocrx_word' id='word_1_186' title='bbox 1096 2680 1251 2772; x_wconf 74' lang='grc' dir='ltr'><em>ἐξεληλα-</em></span> 
     </span>
     <span class='ocr_line' id='line_1_25' title="bbox 217 2780 1252 2873; baseline 0.007 -29"><span class='ocrx_word' id='word_1_187' title='bbox 217 2781 316 2861; x_wconf 81' lang='grc' dir='ltr'><em>μένος</em></span> <span class='ocrx_word' id='word_1_188' title='bbox 338 2782 396 2866; x_wconf 75' lang='grc' dir='ltr'><strong>τῆς</strong></span> <span class='ocrx_word' id='word_1_189' title='bbox 417 2780 540 2867; x_wconf 79' lang='grc' dir='ltr'><em>βουλῆς</em></span> <span class='ocrx_word' id='word_1_190' title='bbox 562 2781 733 2868; x_wconf 74' lang='grc' dir='ltr'><em>πρότερον,</em></span> <span class='ocrx_word' id='word_1_191' title='bbox 756 2781 830 2853; x_wconf 74' lang='grc' dir='ltr'><em>οότε</em></span> <span class='ocrx_word' id='word_1_192' title='bbox 853 2780 889 2848; x_wconf 76' lang='grc' dir='ltr'><strong>δὲ</strong></span> <span class='ocrx_word' id='word_1_193' title='bbox 911 2787 1095 2873; x_wconf 75' lang='grc' dir='ltr'><em>προσηνῶν</em></span> <span class='ocrx_word' id='word_1_194' title='bbox 1116 2783 1154 2851; x_wconf 82' lang='grc' dir='ltr'><strong>τὸ</strong></span> <span class='ocrx_word' id='word_1_195' title='bbox 1177 2784 1252 2852; x_wconf 78' lang='grc' dir='ltr'><strong>δεύ-</strong></span> 
     </span>
     <span class='ocr_line' id='line_1_26' title="bbox 216 2881 1253 2975; baseline 0.008 -29"><span class='ocrx_word' id='word_1_196' title='bbox 216 2904 327 2968; x_wconf 76' lang='grc' dir='ltr'><em>τερον,</em></span> <span class='ocrx_word' id='word_1_197' title='bbox 356 2884 398 2958; x_wconf 81' lang='grc' dir='ltr'><strong>ὥς</strong></span> <span class='ocrx_word' id='word_1_198' title='bbox 426 2883 506 2960; x_wconf 69' lang='grc' dir='ltr'><em>ἔθος</em></span> <span class='ocrx_word' id='word_1_199' title='bbox 532 2881 599 2950; x_wconf 77' lang='grc' dir='ltr'><strong>ἐστὶ</strong></span> <span class='ocrx_word' id='word_1_200' title='bbox 625 2891 694 2961; x_wconf 83' lang='grc' dir='ltr'><em>τοῖς</em></span> <span class='ocrx_word' id='word_1_201' title='bbox 721 2881 758 2965; x_wconf 78' lang='grc' dir='ltr'><strong>ἕξ</strong></span> <span class='ocrx_word' id='word_1_202' title='bbox 782 2886 930 2975; x_wconf 73' lang='grc' dir='ltr'><em>ὑπαρχῆς</em></span> <span class='ocrx_word' id='word_1_203' title='bbox 957 2883 1194 2972; x_wconf 78' lang='grc' dir='ltr'><em>ἀνακτωμένοις</em></span> <span class='ocrx_word' id='word_1_204' title='bbox 1215 2890 1253 2955; x_wconf 80' lang='grc' dir='ltr'><strong>τὸ</strong></span> 
     </span>
     <span class='ocr_line' id='line_1_27' title="bbox 218 2983 1252 3075; baseline 0.01 -25"><span class='ocrx_word' id='word_1_205' title='bbox 218 2984 428 3069; x_wconf 80' lang='grc' dir='ltr'><em>βουλευτικὸν</em></span> <span class='ocrx_word' id='word_1_206' title='bbox 449 2983 584 3073; x_wconf 73' lang='grc' dir='ltr'><em>ἀξίωμα.</em></span> <span class='ocrx_word' id='word_1_207' title='bbox 629 2991 781 3057; x_wconf 87' lang='lat' dir='ltr'><strong>Videmus</strong></span> <span class='ocrx_word' id='word_1_208' title='bbox 804 2993 899 3075; x_wconf 81' lang='lat' dir='ltr'><strong>igitur</strong></span> <span class='ocrx_word' id='word_1_209' title='bbox 919 2993 1080 3060; x_wconf 88' lang='lat' dir='ltr'><strong>Plutarchi</strong></span> <span class='ocrx_word' id='word_1_210' title='bbox 1102 2994 1160 3059; x_wconf 88' lang='lat' dir='ltr'><strong>hoo</strong></span> <span class='ocrx_word' id='word_1_211' title='bbox 1185 2994 1252 3060; x_wconf 93' lang='lat' dir='ltr'><strong>loco</strong></span> 
     </span>
     <span class='ocr_line' id='line_1_28' title="bbox 219 3086 1257 3179; baseline 0.013 -31"><span class='ocrx_word' id='word_1_212' title='bbox 219 3086 406 3169; x_wconf 88' lang='lat' dir='ltr'><strong>interfuisse,</strong></span> <span class='ocrx_word' id='word_1_213' title='bbox 429 3096 465 3155; x_wconf 90' lang='lat' dir='ltr'><strong>ut</strong></span> <span class='ocrx_word' id='word_1_214' title='bbox 487 3093 661 3179; x_wconf 82' lang='lat' dir='ltr'><strong>explicaret,</strong></span> <span class='ocrx_word' id='word_1_215' title='bbox 686 3094 757 3176; x_wconf 91' lang='lat' dir='ltr'><strong>quis</strong></span> <span class='ocrx_word' id='word_1_216' title='bbox 778 3094 889 3160; x_wconf 87' lang='lat' dir='ltr'><strong>fuisset</strong></span> <span class='ocrx_word' id='word_1_217' title='bbox 910 3094 964 3158; x_wconf 89' lang='lat' dir='ltr'><strong>illc</strong></span> <span class='ocrx_word' id='word_1_218' title='bbox 985 3094 1144 3160; x_wconf 83' lang='lat' dir='ltr'><strong>Lentulus</strong></span> <span class='ocrx_word' id='word_1_219' title='bbox 1182 3095 1257 3162; x_wconf 77' lang='lat' dir='ltr'><strong>uae.</strong></span> 
     </span>
     <span class='ocr_line' id='line_1_29' title="bbox 219 3187 1252 3278; baseline 0.011 -26"><span class='ocrx_word' id='word_1_220' title='bbox 219 3187 287 3254; x_wconf 88' lang='lat' dir='ltr'><strong>nim</strong></span> <span class='ocrx_word' id='word_1_221' title='bbox 309 3190 611 3277; x_wconf 67' lang='lat' dir='ltr'><strong>addidit‘praeterea</strong></span> <span class='ocrx_word' id='word_1_222' title='bbox 633 3196 716 3259; x_wconf 90' lang='lat' dir='ltr'><strong>unde</strong></span> <span class='ocrx_word' id='word_1_223' title='bbox 742 3214 911 3278; x_wconf 85' lang='lat' dir='ltr'><strong>cognomen</strong></span> <span class='ocrx_word' id='word_1_224' title='bbox 938 3196 1019 3260; x_wconf 92' lang='lat' dir='ltr'><strong>illud</strong></span> <span class='ocrx_word' id='word_1_225' title='bbox 1042 3196 1140 3262; x_wconf 84' lang='lat' dir='ltr'><strong>Surae</strong></span> <span class='ocrx_word' id='word_1_226' title='bbox 1167 3198 1252 3263; x_wconf 80' lang='lat' dir='ltr'><strong>inue-</strong></span> 
     </span>
     <span class='ocr_line' id='line_1_30' title="bbox 218 3293 1252 3386; baseline 0.009 -30"><span class='ocrx_word' id='word_1_227' title='bbox 218 3293 302 3358; x_wconf 89' lang='lat' dir='ltr'><strong>nisse</strong></span> <span class='ocrx_word' id='word_1_228' title='bbox 325 3294 478 3361; x_wconf 89' lang='lat' dir='ltr'><strong>diceretur</strong></span> <span class='ocrx_word' id='word_1_229' title='bbox 499 3297 665 3379; x_wconf 89' lang='lat' dir='ltr'><strong>Lentulus,</strong></span> <span class='ocrx_word' id='word_1_230' title='bbox 693 3297 818 3382; x_wconf 88' lang='lat' dir='ltr'><strong>aliaque</strong></span> <span class='ocrx_word' id='word_1_231' title='bbox 839 3299 931 3384; x_wconf 93' lang='lat' dir='ltr'><strong>plura</strong></span> <span class='ocrx_word' id='word_1_232' title='bbox 958 3300 997 3364; x_wconf 88' lang='lat' dir='ltr'><strong>de</strong></span> <span class='ocrx_word' id='word_1_233' title='bbox 1024 3301 1157 3386; x_wconf 91' lang='lat' dir='ltr'><strong>pristina</strong></span> <span class='ocrx_word' id='word_1_234' title='bbox 1185 3302 1252 3366; x_wconf 90' lang='lat' dir='ltr'><strong>eius</strong></span> 
     </span>
     <span class='ocr_line' id='line_1_31' title="bbox 218 3399 1250 3490; baseline 0.007 -26"><span class='ocrx_word' id='word_1_235' title='bbox 218 3399 284 3464; x_wconf 84' lang='lat' dir='ltr'><strong>vita</strong></span> <span class='ocrx_word' id='word_1_236' title='bbox 312 3399 346 3463; x_wconf 92' lang='lat' dir='ltr'><strong>in</strong></span> <span class='ocrx_word' id='word_1_237' title='bbox 372 3401 475 3466; x_wconf 90' lang='lat' dir='ltr'><strong>medio</strong></span> <span class='ocrx_word' id='word_1_238' title='bbox 503 3403 616 3487; x_wconf 88' lang='lat' dir='ltr'><strong>posuit.</strong></span> <span class='ocrx_word' id='word_1_239' title='bbox 662 3402 725 3466; x_wconf 88' lang='lat' dir='ltr'><strong>Vix</strong></span> <span class='ocrx_word' id='word_1_240' title='bbox 747 3403 843 3485; x_wconf 83' lang='lat' dir='ltr'><strong>igitur</strong></span> <span class='ocrx_word' id='word_1_241' title='bbox 864 3405 971 3487; x_wconf 83' lang='lat' dir='ltr'><strong>negari</strong></span> <span class='ocrx_word' id='word_1_242' title='bbox 991 3406 1114 3490; x_wconf 89' lang='lat' dir='ltr'><strong>poterit,</strong></span> <span class='ocrx_word' id='word_1_243' title='bbox 1138 3407 1250 3471; x_wconf 89' lang='lat' dir='ltr'><strong>Lentu-</strong></span> 
     </span>
     <span class='ocr_line' id='line_1_32' title="bbox 219 3500 1252 3590; baseline 0.007 -27"><span class='ocrx_word' id='word_1_244' title='bbox 219 3500 286 3564; x_wconf 91' lang='lat' dir='ltr'><strong>lum</strong></span> <span class='ocrx_word' id='word_1_245' title='bbox 308 3500 367 3565; x_wconf 92' lang='lat' dir='ltr'><strong>hoc</strong></span> <span class='ocrx_word' id='word_1_246' title='bbox 388 3501 454 3566; x_wconf 91' lang='lat' dir='ltr'><strong>loco</strong></span> <span class='ocrx_word' id='word_1_247' title='bbox 477 3504 615 3587; x_wconf 90' lang='lat' dir='ltr'><strong>primum</strong></span> <span class='ocrx_word' id='word_1_248' title='bbox 637 3526 656 3569; x_wconf 91' lang='lat' dir='ltr'><strong>a</strong></span> <span class='ocrx_word' id='word_1_249' title='bbox 678 3504 844 3571; x_wconf 87' lang='lat' dir='ltr'><strong>Plutarcho</strong></span> <span class='ocrx_word' id='word_1_250' title='bbox 873 3507 1122 3588; x_wconf 81' lang='lat' dir='ltr'><strong>commemorari3</strong></span> <span class='ocrx_word' id='word_1_251' title='bbox 1152 3528 1252 3590; x_wconf 87' lang='lat' dir='ltr'><strong>neque</strong></span> 
     </span>
     <span class='ocr_line' id='line_1_33' title="bbox 219 3604 1251 3694; baseline 0.005 -27"><span class='ocrx_word' id='word_1_252' title='bbox 219 3605 302 3668; x_wconf 87' lang='lat' dir='ltr'><strong>enim</strong></span> <span class='ocrx_word' id='word_1_253' title='bbox 338 3604 440 3686; x_wconf 84' lang='lat' dir='ltr'><strong>magis</strong></span> <span class='ocrx_word' id='word_1_254' title='bbox 469 3604 502 3667; x_wconf 92' lang='lat' dir='ltr'><strong>in</strong></span> <span class='ocrx_word' id='word_1_255' title='bbox 532 3606 676 3670; x_wconf 89' lang='lat' dir='ltr'><strong>Cicerone</strong></span> <span class='ocrx_word' id='word_1_256' title='bbox 701 3607 838 3671; x_wconf 89' lang='lat' dir='ltr'><strong>nominis</strong></span> <span class='ocrx_word' id='word_1_257' title='bbox 867 3608 924 3672; x_wconf 88' lang='lat' dir='ltr'><strong>illa</strong></span> <span class='ocrx_word' id='word_1_258' title='bbox 951 3609 1117 3694; x_wconf 82' lang='lat' dir='ltr'><strong>explicatio</strong></span> <span class='ocrx_word' id='word_1_259' title='bbox 1144 3616 1174 3673; x_wconf 88' lang='lat' dir='ltr'><strong>et</strong></span> <span class='ocrx_word' id='word_1_260' title='bbox 1200 3610 1251 3672; x_wconf 81' lang='lat' dir='ltr'><strong>de</strong></span> 
     </span>
     <span class='ocr_line' id='line_1_34' title="bbox 218 3706 1251 3793; baseline 0.005 -25"><span class='ocrx_word' id='word_1_261' title='bbox 218 3706 344 3791; x_wconf 90' lang='lat' dir='ltr'><strong>scriptio</strong></span> <span class='ocrx_word' id='word_1_262' title='bbox 377 3728 500 3772; x_wconf 90' lang='lat' dir='ltr'><strong>morum</strong></span> <span class='ocrx_word' id='word_1_263' title='bbox 534 3729 606 3772; x_wconf 89' lang='lat' dir='ltr'><strong>cum</strong></span> <span class='ocrx_word' id='word_1_264' title='bbox 639 3709 759 3793; x_wconf 90' lang='lat' dir='ltr'><strong>reliqua</strong></span> <span class='ocrx_word' id='word_1_265' title='bbox 787 3709 963 3776; x_wconf 88' lang='lat' dir='ltr'><strong>narratione</strong></span> <span class='ocrx_word' id='word_1_266' title='bbox 996 3711 1161 3774; x_wconf 90' lang='lat' dir='ltr'><strong>coniuncta</strong></span> <span class='ocrx_word' id='word_1_267' title='bbox 1194 3716 1251 3789; x_wconf 88' lang='lat' dir='ltr'><strong>est,</strong></span> 
     </span>
     <span class='ocr_line' id='line_1_35' title="bbox 218 3810 1252 3895; baseline 0.001 -23"><span class='ocrx_word' id='word_1_268' title='bbox 218 3827 313 3891; x_wconf 91' lang='lat' dir='ltr'><strong>quam</strong></span> <span class='ocrx_word' id='word_1_269' title='bbox 335 3811 414 3874; x_wconf 80' lang='lat' dir='ltr'><strong>soret</strong></span> <span class='ocrx_word' id='word_1_270' title='bbox 435 3810 468 3873; x_wconf 92' lang='lat' dir='ltr'><strong>in</strong></span> <span class='ocrx_word' id='word_1_271' title='bbox 485 3811 608 3876; x_wconf 86' lang='lat' dir='ltr'><strong>Catonis</strong></span> <span class='ocrx_word' id='word_1_272' title='bbox 631 3818 686 3875; x_wconf 90' lang='lat' dir='ltr'><strong>aut</strong></span> <span class='ocrx_word' id='word_1_273' title='bbox 701 3812 842 3876; x_wconf 86' lang='lat' dir='ltr'><strong>Caesaris</strong></span> <span class='ocrx_word' id='word_1_274' title='bbox 863 3813 938 3893; x_wconf 91' lang='lat' dir='ltr'><strong>vita,</strong></span> <span class='ocrx_word' id='word_1_275' title='bbox 961 3833 1062 3895; x_wconf 89' lang='lat' dir='ltr'><strong>neque</strong></span> <span class='ocrx_word' id='word_1_276' title='bbox 1076 3811 1252 3875; x_wconf 87' lang='lat' dir='ltr'><strong>ullacausa</strong></span> 
     </span>
     <span class='ocr_line' id='line_1_36' title="bbox 217 3910 1251 3996; baseline 0.006 -25"><span class='ocrx_word' id='word_1_277' title='bbox 217 3910 348 3993; x_wconf 89' lang='lat' dir='ltr'><strong>proferri</strong></span> <span class='ocrx_word' id='word_1_278' title='bbox 369 3918 484 3996; x_wconf 91' lang='lat' dir='ltr'><strong>potest,</strong></span> <span class='ocrx_word' id='word_1_279' title='bbox 508 3932 563 3977; x_wconf 87' lang='lat' dir='ltr'><strong>cur</strong></span> <span class='ocrx_word' id='word_1_280' title='bbox 585 3933 648 3977; x_wconf 90' lang='lat' dir='ltr'><strong>non</strong></span> <span class='ocrx_word' id='word_1_281' title='bbox 670 3913 704 3976; x_wconf 92' lang='lat' dir='ltr'><strong>in</strong></span> <span class='ocrx_word' id='word_1_282' title='bbox 726 3913 789 3977; x_wconf 89' lang='lat' dir='ltr'><strong>illis</strong></span> <span class='ocrx_word' id='word_1_283' title='bbox 811 3913 901 3995; x_wconf 88' lang='lat' dir='ltr'><strong>vitis,</strong></span> <span class='ocrx_word' id='word_1_284' title='bbox 930 3914 958 3976; x_wconf 91' lang='lat' dir='ltr'><strong>si</strong></span> <span class='ocrx_word' id='word_1_285' title='bbox 981 3919 1052 3979; x_wconf 90' lang='lat' dir='ltr'><strong>ante</strong></span> <span class='ocrx_word' id='word_1_286' title='bbox 1074 3913 1251 3978; x_wconf 90' lang='lat' dir='ltr'><strong>Ciceronem</strong></span> 
     </span>
     <span class='ocr_line' id='line_1_37' title="bbox 218 4013 1250 4097; baseline 0.005 -25"><span class='ocrx_word' id='word_1_287' title='bbox 218 4013 406 4097; x_wconf 89' lang='lat' dir='ltr'><strong>compositae</strong></span> <span class='ocrx_word' id='word_1_288' title='bbox 429 4021 539 4094; x_wconf 87' lang='lat' dir='ltr'><strong>essent,</strong></span> <span class='ocrx_word' id='word_1_289' title='bbox 563 4014 639 4078; x_wconf 90' lang='lat' dir='ltr'><strong>haec</strong></span> <span class='ocrx_word' id='word_1_290' title='bbox 660 4016 700 4079; x_wconf 90' lang='lat' dir='ltr'><strong>de</strong></span> <span class='ocrx_word' id='word_1_291' title='bbox 715 4013 845 4080; x_wconf 84' lang='lat' dir='ltr'><strong>Lentulo</strong></span> <span class='ocrx_word' id='word_1_292' title='bbox 868 4014 974 4080; x_wconf 89' lang='lat' dir='ltr'><strong>omnia</strong></span> <span class='ocrx_word' id='word_1_293' title='bbox 995 4034 1168 4078; x_wconf 89' lang='lat' dir='ltr'><strong>memorare</strong></span> <span class='ocrx_word' id='word_1_294' title='bbox 1184 4034 1250 4077; x_wconf 92' lang='lat' dir='ltr'><strong>sus·</strong></span> 
     </span>
    </p>
   </div>
   <div class='ocr_carea' id='block_1_3' title="bbox 0 0 1440 4482">
    <p class='ocr_par' dir='ltr' id='par_1_3' title="bbox 0 0 1440 4482">
     <span class='ocr_line' id='line_1_38' title="bbox 0 0 1440 4482; baseline 0 0"><span class='ocrx_word' id='word_1_295' title='bbox 0 0 1440 4482; x_wconf 95' lang='lat' dir='ltr'><strong> </strong></span> 
     </span>
    </p>
   </div>
  </div>
 </body>
</html>
