2866 4482
667 200 866 265 ..51-

333 376 438 461 Atque
459 375 493 438 in
515 373 664 439 Demetrii
687 378 756 458 epte
780 373 796 435 1
822 371 903 438 Plut.
927 371 992 434 τῶν
1014 364 1050 434 δι’
1077 371 1282 454 κεχρημένων

248 482 302 561 ait,
326 476 565 561 ἀσκεπτότερον
587 476 697 551 αὐτοῖς
718 475 771 541 καὶ
792 473 969 558 γεγονότων
994 472 1030 540 ἐν
1052 471 1208 551 ἐξουσίαις
1229 471 1282 537 καὶ

248 580 416 666 πράγμασι
437 578 590 663 μεγάλαις
613 575 785 661 ἐπιφανῶν
807 578 850 653 εἷς
874 579 989 643 κακίαν
1018 571 1058 642 αὖ
1077 583 1187 660 χεῖρον
1207 574 1282 651 ἴσως

246 687 316 753 ,ἔστι
339 682 488 768 συζυγίαν
509 684 588 765 μίαν
610 678 633 769 ἢ
656 678 716 746 δύο
740 680 963 767 παρεμβαλεῖν
977 679 1030 754 ,εἷς
1051 677 1090 747 τὰ
1105 674 1279 762 παραδείγ-

247 813 334 873 ματα
355 792 422 856 ταῖν
439 790 527 873 βίων.
566 787 725 853 Promittit
746 786 851 868 igitur,
874 787 1003 850 fortasse
1025 806 1058 848 se
1080 785 1213 850 alterum
1235 785 1281 849 iu-

248 915 322 977 gum
345 893 483 958 eiusdem
501 889 676 972 argumenti
700 888 945 972 conscripturum
969 907 1034 950 esse
1056 908 1092 949 ac
1106 887 1281 952 Demetrius

248 996 344 1061 fuerit
365 1001 396 1058 et
417 992 590 1071 Antonius3
619 998 712 1074 atque
740 991 768 1054 si
795 1010 989 1073 quaeramus
1017 1009 1093 1051 num
1116 989 1197 1053 inter
1219 1009 1280 1068 eae,

248 1121 329 1183 quae
350 1104 484 1177 exstant,
509 1095 709 1161 inveniantur
736 1094 815 1160 tales
845 1094 936 1176 bigae
963 1093 998 1156 in
1025 1113 1103 1175 quas
1130 1094 1188 1157 hoc
1210 1092 1281 1155 Plu-

247 1201 347 1266 tarchi
369 1201 558 1287 promissum
581 1201 680 1280 cadat,
705 1199 809 1264 animo
832 1198 963 1262 occurrit
976 1195 1152 1262 Alcibiadis
1175 1202 1205 1259 et
1228 1196 1281 1258 Co·
1381 1286 1389 1297 ¹

248 1303 360 1369 riolani
386 1302 453 1369 vita
481 1302 657 1386 dequibus
686 1302 762 1386 quid
790 1301 974 1365 iudicaverit
1000 1300 1093 1380 Plut,
1124 1298 1283 1364 declarant

249 1406 344 1468 verba
366 1405 476 1471 Coriol.
509 1405 535 1469 1.
567 1404 585 1469 d
614 1398 651 1467 δὲ
679 1396 886 1502 αὕτόςκὰνὴρ
914 1399 1115 1487 ἐμαρτύρησε
1137 1399 1190 1464 καὶ
1217 1407 1283 1473 τοῖς

247 1504 308 1592 τήν
330 1503 432 1590 φύσιν
453 1506 645 1593 ἡγουμέναις
669 1502 726 1571 ἐὰν
749 1502 831 1570 οὖσα
854 1506 984 1586 γενναία
1006 1501 1061 1568 καὶ
1082 1498 1192 1588 ἀγαθὴ
1208 1523 1282 1566 παι-

129 1668 136 1681 .
248 1612 317 1684 δίας
339 1606 451 1697 ἐνδεὴς
474 1611 616 1698 γίγνηται
646 1607 755 1675 πολλὰ
782 1615 849 1685 τοῖς
877 1614 1026 1696 χρησταῖς
1054 1607 1142 1690 ὁμοῦ
1168 1608 1282 1690 ’φαῦλα

247 1712 504 1793 συναποτίκτειν,
528 1706 638 1794 ὥσπερ
653 1706 770 1796 εὐγενῆ
784 1708 894 1796 χώραν
908 1705 944 1776 ἐν
965 1711 1100 1796 γεωργίᾳ
1121 1713 1281 1795 θεραπει-

247 1837 283 1888 ας
305 1812 356 1900 μὴ.
375 1817 539 1892 τνχαῦσαν
561 1821 592 1878 εί
615 1815 720 1897 Comp.
743 1813 844 1878 Alcib.
869 1819 899 1877 et
921 1815 986 1880 Cor,
1010 1814 1047 1880 2:
1072 1862 1079 1877 .
1173 1863 1180 1877 .
1205 1811 1223 1876 ὁ
1246 1807 1282 1877 δὲ

245 1912 442 2000 Ἁλκιβιάδης
474 1915 657 1997 πανοῦργος
690 1911 725 1979 ἐν
753 1912 903 1998 πολιτείᾳ
935 1911 990 1977 καὶ
1027 1908 1198 2001 ἀναληθής
1231 1914 1281 1998 [cf.

247 2018 315 2082 Ale.
339 2021 369 2083 o.
393 2017 444 2083 23.
469 2018 534 2081 Cor.
559 2016 589 2080 2.
613 2016 657 2101 b].
704 2015 836 2080 Videtur
865 2017 961 2099 igitur
991 2015 1146 2080 Coriolani
1174 2020 1206 2078 et
1227 2014 1282 2079 Al-

247 2119 378 2185 cibiadis
407 2120 473 2186 vita
501 2117 656 2204 excepisse
684 2116 869 2198 Antonium,
901 2117 984 2202 quod
1011 2137 1044 2180 re
1066 2136 1139 2180 vera
1161 2116 1280 2180 factum

245 2242 310 2285 esse
333 2220 402 2284 luce
424 2220 537 2285 elarius
559 2225 615 2300 est,
640 2219 668 2282 si
690 2238 906 2303 comparamus
928 2219 996 2283 Alc.
1019 2218 1059 2284 16
1082 2222 1113 2282 et
1134 2218 1209 2282 Ant.
1227 2218 1278 2281 69.

244 2323 282 2387 In
304 2323 405 2388 Alcib.
421 2322 505 2386 enim
520 2320 702 2386 brevissime
717 2325 870 2399 narratur,
894 2319 1097 2408 Alcibiadem
1114 2341 1133 2384 a
1148 2318 1280 2383 Timone

149 2491 153 2495 ,
245 2426 458 2509 misanthropo
481 2424 654 2489 salutatum
676 2443 751 2504 esse,
780 2445 851 2488 cum
874 2423 928 2487 ille
955 2423 1039 2487 hunc
1061 2444 1209 2506 magnam
1231 2445 1278 2488 ce-

244 2526 318 2592 teris
340 2534 459 2613 pestem
481 2527 654 2592 inlaturum
672 2548 737 2592 esse
760 2528 971 2609 arbitraretur,
995 2528 1029 2592 in
1043 2529 1182 2594 Antonio
1204 2550 1277 2594 vero

244 2633 332 2698 Prue
355 2632 439 2714 dicit,
474 2633 649 2698 Antonium
676 2632 836 2718 quondam
862 2632 962 2698 vitam
989 2632 1109 2716 degisse
1140 2632 1277 2699 similem
1326 2713 1329 2717 g

243 2735 383 2801 Timonis
405 2735 501 2815 illius,
529 2743 598 2800 tum
627 2754 699 2799 vero
728 2734 820 2816 longa
847 2721 1024 2800 narratione
1052 2734 1196 2821 explicat,
1221 2735 1277 2821 qui

242 2840 334 2905 fuerit
361 2845 393 2916 et
425 2839 508 2904 unde
537 2839 688 2904 oriundus
722 2838 821 2920 Timo,
857 2860 936 2924 quae
969 2839 1035 2905 eius
1067 2839 1274 2925 philosophia,

243 2963 383 3027 quaeque
404 2944 485 3023 vita3
509 2944 642 3027 denique
664 2943 749 3007 idem
769 2943 859 3023 illud,
891 2944 974 3028 quod
995 2944 1029 3008 in
1050 2943 1215 3008 Alcibiade
1238 2943 1276 3008 de

242 3044 372 3108 Timone
394 3044 704 3131 legeramuspaullo
728 3045 903 3110 accuratius
926 3047 977 3110 hic
999 3047 1033 3110 in
1048 3047 1185 3113 Antonio
1208 3048 1275 3111 des-

241 3147 341 3213 cribit.
388 3149 472 3224 Quae
494 3169 542 3212 res
570 3169 642 3212 cum
663 3149 698 3212 in
719 3149 857 3214 Antonio
879 3148 980 3213 multo
1001 3147 1107 3213 minus
1130 3170 1186 3214 suo
1209 3151 1275 3215 loco

241 3252 290 3332 sit,
315 3273 411 3336 quam
432 3252 466 3316 in
480 3252 654 3334 Alcibiade,
678 3274 811 3339 cumque
833 3253 867 3318 in
882 3253 982 3318 Alcib.
1006 3274 1069 3318 non
1092 3263 1272 3340 exponatur,

242 3354 296 3438 qui
317 3354 411 3419 fuerit
437 3356 558 3437 Timon,
588 3356 622 3420 in
650 3357 788 3422 Antonio
817 3356 1053 3439 diligentissime
1081 3358 1272 3442 explanetur,

239 3476 294 3543 pro
318 3458 475 3542 explorato
498 3461 677 3525 habendum
700 3469 755 3541 est,
778 3461 955 3526 Antonium
983 3467 1055 3527 ante
1076 3462 1273 3528 Alcibiadem

239 3559 390 3645 scriptum
424 3580 497 3623 esse.
529 3598 567 3608 -
596 3563 666 3626 Huc
693 3563 819 3643 aceedit,
855 3563 938 3648 quod
963 3563 1171 3628 'Coriolanum
1202 3571 1273 3649 post

238 3659 382 3741 Marium,
407 3681 500 3744 quem
527 3662 561 3726 in
583 3663 731 3728 extremis
760 3665 940 3751 ponendum
962 3686 1028 3729 esse
1050 3665 1200 3750 suspicati
1222 3687 1272 3729 su-

238 3783 317 3843 mus,
341 3763 493 3850 scriptum
523 3786 589 3831 csse
617 3766 823 3832 demonstrari
851 3774 962 3853 potest.
1007 3768 1046 3832 In
1067 3767 1159 3831 Marii
1188 3768 1272 3832 enim

237 3870 305 3949 epte
328 3867 345 3928 1
369 3874 400 3932 et
422 3867 487 3933 Cor.
516 3869 551 3933 ll
577 3867 615 3931 de
644 3869 807 3933 nominum
836 3869 1029 3955 propriorum
1059 3870 1271 3934 Romanorum

236 3967 353 4051 origine
376 3977 406 4035 et
428 3973 460 4035 vi
483 3973 669 4057 anquiritur.
707 3973 819 4039 Melius
843 3995 913 4039 vero
934 3980 966 4037 et
988 3974 1172 4059 prudentius
1195 3974 1271 4038 haec

1029 4092 1065 4147 4*
