2866 4482
603 250 802 317 „23-

184 443 255 488 rum
280 424 441 510 proprium
470 424 650 511 complevit3
684 446 775 491 suam
802 424 936 509 denique
964 425 1150 491 sententiam
1183 425 1217 490 in

184 528 282 594 Arato
305 536 412 614 postea
439 530 574 596 breviter
601 530 755 616 repetivit.
800 529 858 594 His
885 528 949 593 alia
976 529 1058 593 adici
1086 536 1219 615 possunt

184 631 370 713 gravissima
392 633 586 715 documenta,
610 652 691 717 quae
712 639 819 719 postea
841 632 1162 698 commemorabimus

270 733 361 798 Nunc
383 735 424 798 ad
446 735 558 818 Agidis
580 743 609 800 et
631 736 802 801 Cleomenis
825 735 906 800 vitus
929 733 1152 817 transgredior,
1180 735 1218 799 de

186 833 315 920 quibus,
343 856 423 922 quae
444 839 597 922 proferam
619 837 702 902 levia
724 858 790 902 esse
813 837 943 916 indicia,
971 857 1035 901 non
1056 858 1106 902 me
1126 837 1216 920 fugit,

186 935 240 1001 scd
263 936 301 1000 de
321 936 372 1001 his
395 959 492 1024 aequo
514 959 550 1003 ac
572 939 610 1004 de
633 939 766 1005 Sertorio
793 946 901 1025 postea
925 938 1077 1004 nonnulla
1104 938 1218 1003 adden·

185 1046 246 1104 tur.
292 1038 330 1103 ln
359 1039 530 1105 Cleomenis
552 1041 648 1124 igitur
676 1042 751 1122 vita,
781 1049 858 1127 epte.
882 1042 923 1106 31
947 1046 1105 1120 narratur,
1135 1040 1218 1105 Cleo·

185 1165 309 1209 monem
329 1151 400 1229 post
420 1166 558 1232 pugnam
581 1147 622 1210 ad
650 1145 814 1213 Sellasiam
843 1145 1043 1210 commissam
1069 1145 1219 1209 Lacedae

185 1266 310 1310 monem
337 1253 367 1311 et
395 1247 506 1312 deinde
535 1247 687 1332 Gythium
714 1247 923 1330 contendisse3
949 1247 996 1313 ibi
1023 1268 1096 1311 eum
1124 1267 1219 1312 naves

186 1348 457 1414 conscendissent
483 1348 518 1412 in
539 1350 720 1436 Aegyptum
746 1349 989 1435 proficisceretur
1014 1355 1046 1414 et
1073 1369 1093 1413 a
1120 1348 1219 1414 Ptole

186 1472 274 1517 maeo
297 1452 453 1518 auxilium
473 1459 602 1538 peteret;
626 1460 719 1540 atque
741 1474 812 1519 oum
834 1454 869 1518 in
890 1453 1028 1520 insulam
1042 1453 1220 1536 Aegialiam

186 1556 389 1643 pervenisset,
420 1557 645 1641 Therycionem
674 1559 831 1643 quendam
859 1580 931 1624 eum
960 1558 1053 1641 longa
1081 1558 1220 1624 oratione

186 1660 394 1747 vituperasse,
430 1662 513 1747 quod
545 1662 773 1747 pulcherimam
801 1669 933 1728 mortem
959 1663 993 1727 in
1019 1684 1125 1748 pugna
1152 1663 1221 1748 ipsa

186 1766 346 1849 fugissent,
368 1766 490 1832 adiecta
512 1767 735 1848 adhortatione,
759 1775 796 1832 ut
819 1766 881 1834 sibi
902 1774 973 1833 tum
996 1767 1123 1854 quidem
1139 1787 1220 1832 mor·

186 1877 250 1936 tem
276 1871 507 1938 consciscerent.
553 1871 611 1937 Cui
633 1871 828 1938 Cleomenem
850 1894 922 1938 cum
945 1873 1022 1954 alia,
1052 1879 1122 1937 tum
1143 1873 1221 1936 haec

185 1974 377 2059 repondisse:
410 1981 473 2040 Δεῖ
490 1972 549 2060 γὰρ
571 1972 630 2041 τὸν
657 1970 857 2060 αὐθαίρετον
879 1972 1028 2042 θάνατον
1050 1969 1090 2039 οὐ
1114 1971 1221 2062 φυγὴν

186 2064 270 2142 εἶναι
284 2076 444 2163 πράξεων,
468 2075 553 2148 ἀλλὰ
574 2077 837 2165 πρᾶξιν.αἲσχρόν
851 2077 909 2163 γὰρ
932 2081 991 2166 ζῆν
1011 2077 1126 2160 μόνοις
1148 2077 1243 2142 ἕατ’

186 2182 254 2252 τοῖς
276 2176 330 2242 καὶ
352 2174 580 2267 ἄποθνήσκενν
608 2201 687 2264 quae
713 2183 808 2246 verba
831 2180 1002 2246 Cleomenis
1024 2180 1220 2260 Plutarchus

187 2290 225 2349 ut
257 2284 362 2349 omnia
395 2307 475 2372 quae
502 2286 539 2352 de
568 2286 761 2371 Therycione
791 2287 943 2368 narravit,
979 2309 1018 2351 ex
1045 2285 1221 2370 Phylarcho

188 2386 358 2472 sumpsisse
384 2388 509 2454 videtur
536 2389 592 2473 [cf.
617 2388 730 2453 Cleom.
761 2390 790 2454 8.
819 2389 933 2454 Athen.
963 2389 1016 2452 VI.
1044 2411 1074 2475 p.
1104 2388 1166 2453 271
1195 2408 1220 2452 e.

187 2489 330 2554 Muelleri
352 2490 425 2556 hist.
451 2490 501 2555 Gr.
525 2492 614 2573 frgm.
653 2490 722 2554 Vol.
746 2490 770 2555 Ι.
793 2513 823 2575 p.
846 2490 908 2555 347
931 2492 1020 2574 irgm.
1044 2489 1100 2574 44]
1123 2510 1222 2573 neque

188 2591 273 2656 enim
294 2592 373 2657 tales
397 2592 550 2658 orationes
574 2592 635 2658 sibi
658 2593 762 2678 ipsum
783 2587 989 2658 Plutarchum
1011 2592 1147 2672 linxisse,
1171 2591 1221 2655 de·

187 2697 355 2761 monstrari
376 2702 485 2782 potest,
510 2698 563 2762 sed
586 2719 663 2783 quas
679 2699 773 2763 habet
789 2698 941 2763 orationes
964 2735 1005 2746 -
1029 2703 1103 2761 sunt
1117 2702 1222 2761 autem

188 2821 251 2864 non
272 2800 392 2866 multae
413 2838 455 2848 —
477 2802 535 2866 has
558 2803 757 2868 exsortibus
786 2801 945 2867 delibavit.
990 2802 1062 2867 dam
1088 2822 1160 2865 vero
1187 2801 1222 2864 in

188 2906 314 2972 exordio
336 2905 419 2972 vitae
440 2906 605 2993 Pelopidae
630 2907 737 2972 eadem
763 2907 825 2971 fere
853 2907 890 2971 de
917 2912 1017 2973 morte
1045 2905 1223 2972 voluntaria

188 3009 341 3073 sententia
362 3010 528 3095 profertur;
550 3030 607 3074 nec
629 3007 731 3074 solum
753 3008 838 3073 idem
858 3007 1021 3088 iudicium,
1045 3006 1099 3071 sed
1115 3006 1223 3071 eadem

188 3111 250 3175 iere
264 3112 359 3175 verba
380 3112 414 3175 in
430 3111 534 3198 Comp.
550 3112 613 3176 Pel.
630 3117 661 3176 et
674 3111 769 3187 Marc.
791 3112 812 3176 3
826 3111 984 3194 leguntur:
1008 3103 1093 3174 οὕτω
1109 3108 1169 3194 γὰρ
1184 3103 1224 3173 od

190 3211 303 3290 πάθος
316 3210 403 3282 ἀλλὰ
419 3219 536 3300 πρᾶξις
558 3216 697 3298 γίγνεται
718 3218 780 3280 τοῦ
794 3214 1012 3287 τελευτῶντος
1034 3211 1223 3286 ὁθάνατος.

189 3318 295 3403 Neque
309 3338 380 3382 vero
396 3318 557 3403 probabile
572 3324 627 3398 est,
651 3318 856 3382 Plutarchum
870 3319 947 3382 sorte
964 3316 1100 3402 quadam
1116 3315 1224 3380 eadem

190 3424 294 3501 verba,
319 3442 398 3506 quae
420 3420 484 3485 iam
506 3421 540 3485 in
555 3419 703 3506 Pelopida
725 3421 897 3506 scripserat,
921 3420 956 3484 in
978 3419 1150 3484 Cleomenis
1171 3438 1223 3504 po·

191 3528 258 3587 stea
280 3523 417 3588 oratione
440 3522 530 3608 apud,
544 3522 757 3607 Phylarchum
779 3522 944 3603 invenisse,
969 3522 1022 3586 sed
1036 3521 1136 3585 multo
1158 3520 1224 3584 veri

190 3627 335 3709 similius
358 3634 526 3713 postquam
548 3627 604 3692 illa
618 3627 812 3710 Phylarchea
834 3627 899 3691 iam
922 3627 1025 3691 animo
1040 3624 1225 3711 percepisset

192 3752 283 3795 suam
305 3751 377 3795 eum
399 3731 585 3795 sententiam
608 3730 641 3795 in
663 3730 730 3795 vita
745 3729 909 3816 Pelopidae
931 3728 1100 3813 Phylarchi
1121 3727 1224 3791 verbis

188 3832 415 3897 accomodasse.
461 3831 592 3898 Videtur
618 3831 714 3915 igitur
741 3832 917 3896 Cleomenes
945 3836 1017 3896 ante
1044 3829 1225 3915 Pelopidam

193 3934 326 4019 scriptus
350 3955 424 4015 esse,
455 3932 539 4021 quod
564 3939 634 3998 tum
661 3934 761 4017 magis
791 3931 932 4011 elucebit,
957 3932 983 3995 si
1006 3933 1086 3997 inter
1107 3932 1225 4017 primas

188 4038 305 4120 'Agidis
328 4045 359 4104 et
378 4038 549 4104 Cleomenis
571 4038 653 4104 vitas
677 4037 857 4104 statuendas
879 4055 945 4099 esse
965 4035 1225 4101 demonstravero.
