2866 4482
590 262 791 327 -24...

75 454 84 477 ··
166 435 279 502 missas
305 457 379 502 esse.
404 434 587 501 -Deinde
616 454 687 500 vero
716 433 925 520 reputandum
952 442 1000 501 est
1025 434 1060 499 in
1087 434 1203 501 Catone

166 540 241 618 201
270 540 313 604 25
341 545 372 603 01
399 538 433 603 in
460 538 565 624 Comp.
596 539 661 603 Cat.
693 543 725 602 et
751 537 849 603 Arist.
878 538 901 602 4
926 537 1026 619 tradi,
1054 538 1203 604 Catonem

166 643 262 708 etiam
289 664 338 708 res
365 642 494 708 leviores
521 649 552 707 et
578 641 746 708 illiberales
779 662 843 707 non
876 663 1035 708 servorum
1063 641 1118 707 sed
1145 662 1203 707 sua

165 746 265 832 ipsius
288 766 386 810 manu
408 751 589 811 exsecutum
611 765 691 826 esse;
716 750 826 809 tamen
847 765 912 810 non
933 745 1061 811 additur
1081 744 1201 830 vitupe

166 848 246 914 ratio
269 848 381 914 similis
404 848 479 929 eius,
504 869 584 932 quae
606 848 640 911 in
662 846 728 912 Per.
752 847 819 912 vita
843 849 859 912 1
884 847 1102 913 0121110103
1115 847 1203 913 modi

165 951 309 1015 homines
338 950 502 1031 conicitur3
530 949 649 1014 accedit
677 948 811 1035 denique
837 947 921 1034 quod
942 949 1068 1014 nullum
1088 969 1146 1013 nec
1167 948 1202 1013 in

164 1052 316 1118 Aristidis
334 1073 391 1116 nec
404 1052 440 1116 in
455 1052 580 1118 Catonis
595 1051 662 1117 vita
675 1051 844 1134 vestigium
858 1051 1025 1132 invenitur,
1048 1051 1131 1117 Plut.
1147 1072 1201 1116 cas

165 1155 336 1242 scripsisse,
366 1161 403 1220 ut
429 1160 532 1220 essent
559 1153 685 1219 virtutis
707 1153 864 1239 exempla3
892 1154 960 1218 veri
982 1153 1084 1222 simile
1106 1153 1202 1236 igitur

165 1267 219 1341 est,
244 1267 316 1325 ante
331 1258 480 1324 Periclem
495 1265 526 1323 ct
540 1257 675 1324 Fabium
690 1257 850 1323 absolutas
864 1278 916 1323 eas
938 1279 1004 1323 esse
1019 1258 1102 1343 quod
1117 1257 1202 1322 idem
1284 1266 1289 1271 ’

164 1365 237 1430 aliis
271 1363 452 1429 clarioribus
479 1362 670 1445 argumentis
698 1354 903 1427 demonstrari
929 1369 1041 1448 potest.
1091 1362 1202 1429 Postea

164 1468 248 1532 enim
270 1467 487 1553 exponendum
514 1474 568 1548 est,
598 1466 705 1531 Niciae
734 1473 766 1532 et
796 1466 897 1533 Crassi
924 1466 1007 1532 vitas
1035 1464 1200 1532 undecimo

163 1569 243 1636 libre
273 1591 293 1633 a
314 1569 480 1634 Plutarcho
506 1569 606 1635 editas
629 1590 709 1649 esse,
737 1575 783 1650 ut,
807 1589 887 1655 quae
909 1568 1072 1634 antecedat
1093 1568 1201 1634 Niciae

162 1674 278 1754 vitam,
313 1674 395 1737 hanc
417 1674 544 1739 Periclis
565 1694 688 1761 quoque
711 1680 743 1739 et
764 1672 854 1739 Fabii
876 1673 1055 1738 antecedere
1077 1693 1200 1738 necesse

163 1777 217 1858 sit3
239 1776 366 1862 iamque
390 1781 525 1862 apparet,
556 1775 729 1841 Aristidem
751 1781 824 1840 ante
844 1774 968 1839 Niciam
990 1775 1199 1861 conscriptum

162 1901 236 1961 csse,
267 1880 294 1945 si
321 1899 536 1965 comparamus
564 1880 661 1946 Arist.
686 1881 704 1945 7
734 1887 766 1946 et
792 1878 858 1944 Nic.
886 1882 924 1944 ll
959 1886 990 1944 et
1017 1879 1110 1945 Alcib
1143 1881 1199 1961 133

160 1984 262 2050 tribus
285 1982 369 2048 enim
390 1983 441 2047 his
468 1983 543 2049 locis
566 1983 604 2047 de
626 1984 806 2049 ostracismc
830 1982 1017 2068 dispectu,
1049 1982 1104 2049 sed
1126 2005 1198 2049 cum

161 2087 196 2150 in
228 2084 366 2150 Aristide
398 2091 465 2152 toto
492 2085 571 2152 ratio
605 2085 824 2167 suffragiorum
858 2084 1041 2166 illustretur,
1077 2087 1199 2151 1101111-

161 2187 309 2253 lustretur
336 2186 370 2251 in
397 2186 487 2251 Nicia
515 2194 546 2252 et
573 2185 746 2267 Alcibiade,
775 2186 840 2251 veri
869 2186 1004 2251 similius
1032 2193 1088 2269 est,
1120 2208 1198 2272 quae
1300 2249 1304 2255 .

160 2290 352 2354 accuratiora
380 2296 469 2371 sunt,
498 2290 600 2376 primo
628 2289 695 2356 loco
722 2290 866 2375 ponenda
894 2312 976 2372 esse,
1005 2310 1137 2374 cumque
1165 2289 1198 2352 in

161 2394 300 2458 Aristide
330 2399 503 2480 exponatur
539 2396 577 2459 de
604 2394 767 2461 notissimo
796 2394 851 2460 illo
878 2394 1050 2481 Hyperboli
1079 2393 1198 2474 exsilio,
1278 2428 1281 2433 ·

161 2519 223 2583 quo
246 2498 445 2585 ostracismus
466 2498 581 2563 illusus
604 2498 747 2580 concidit,
771 2499 856 2564 idem
877 2521 950 2566 vero
977 2499 1011 2563 in
1032 2497 1140 2563 Niciae
1169 2503 1200 2563 et

47 2598 52 2607 “
82 2674 84 2677 ,
160 2601 261 2667 Α1011.
296 2601 371 2667 ritis
403 2609 590 2689 exponatur,
625 2624 689 2668 11011
718 2610 765 2669 031
792 2604 969 2690 putandum
996 2604 1031 2669 in
1058 2601 1199 2668 Aristide

160 2705 237 2769 haec
258 2704 476 2786 Plutarchum,
506 2706 563 2771 ubi
585 2707 687 2772 alieno
710 2706 776 2772 loco
807 2705 981 2789 alienisque
1007 2705 1201 2790 temporibus

159 2807 347 2886 iniciuntur,
371 2807 565 2892 repetivisse,
590 2808 618 2871 si
640 2808 705 2874 iam
728 2829 784 2873 suo
807 2807 874 2873 loco
897 2807 931 2871 in
952 2806 1043 2871 Nicia
1064 2813 1121 2872 aut
1143 2807 1199 2872 Al·

160 2910 218 2976 cib.
250 2918 492 2978 commemorata
519 2911 666 2995 fuissent3
695 2913 771 2978 haec
799 2912 875 2978 satis
905 2917 989 2977 certa
1018 2916 1107 2991 sunt,
1138 2933 1200 2977 cer·

159 3013 301 3100 tioraque
328 3014 421 3095 liunt,
450 3015 554 3081 verbis
583 3014 649 3079 Nic.
678 3016 725 3079 ll.
749 3009 808 3079 oda
836 3010 944 3094 ἀγνοῶ
971 3009 1000 3078 δ’
1028 3007 1080 3079 ὅτι
1110 3014 1198 3081 Θεό·

161 3131 302 3199 φραστος
326 3113 617 3202 ἐξοστρακισθῆναί
638 3134 719 3203 φησι
746 3113 804 3181 τὸν
823 3114 1031 3199 Ὑπέρβολον
1059 3117 1202 3191 Φαίακος

159 3211 199 3280 od
222 3216 339 3282 Νικίου
363 3215 446 3297 πρὸς
458 3211 668 3303 Ἀλκιβιάδην
683 3213 856 3301 ἐρίσαντος.
889 3211 979 3282 Ἀλλ’
1002 3217 1199 3292 011110100ος

159 3314 244 3385 οὕτω
274 3318 454 3404 γεγράφασι
475 3343 550 3386 nam
578 3315 982 3404 11110νο1113οῠκάγοοὤ
1009 3322 1037 3385 13
1060 3322 1108 3388 uti
1137 3345 1201 3388 non

157 3427 267 3507 potest,
297 3423 352 3507 qui
378 3423 443 3488 iam
465 3423 576 3489 eadem
598 3430 671 3488 ante
692 3422 841 3502 narravit,
872 3422 925 3487 sed
947 3422 975 3486 13
997 3424 1112 3505 utitur,
1143 3426 1200 3509 qui

159 3545 232 3591 cum
253 3547 315 3591 non
338 3527 520 3608 narraverit,
550 3527 621 3591 aliis
644 3526 825 3593 hominibus
847 3526 936 3593 visus
959 3535 1007 3594 est
1028 3529 1198 3612 ignorasse,
1261 3598 1266 3605 ,

161 3648 242 3713 quae
274 3648 358 3694 nunc
398 3630 526 3716 quidem
558 3631 680 3716 profert.
737 3631 782 3696 At
813 3651 885 3696 vero
919 3630 954 3695 in
986 3629 1125 3695 Aristide
1157 3631 1196 3695 de

158 3732 296 3798 Phaeace
324 3733 406 3798 nihil
440 3734 572 3819 protulit
604 3734 702 3814 Plut,
732 3734 766 3799 in
792 3734 895 3799 Alcib.
930 3734 1013 3800 idem
1049 3733 1197 3815 narravit,

158 3835 242 3919 quod
262 3836 296 3900 in
308 3836 410 3917 Nicia3
435 3837 583 3921 sequitur,
608 3843 646 3902 ut
666 3837 839 3903 intercedat
852 3837 959 3901 Nicias
972 3835 1095 3902 medius
1116 3836 1200 3904 inter

158 3936 330 4018 Aristidem
352 3946 384 4003 01
404 3938 610 4020 Alcibiadem,
641 3939 824 4027 primusque
845 3940 958 4005 horum
979 3939 1078 4006 trium
1105 3941 1199 4007 luerit

158 4039 326 4124 Aristidem
342 4043 458 4128 quibus
469 4043 626 4128 expositis,
643 4044 763 4111 sirecte
777 4043 973 4127 coniecimus,
986 4045 1110 4113 Niciam
1125 4053 1198 4112 ante
