2866 4482
646 250 846 315 „35-

229 424 279 488 vel
300 422 438 488 maxime
460 422 641 508 pertineret3
663 428 772 507 postea
794 442 865 486 vero
889 442 927 485 ex
950 420 1023 485 Luc.
1043 428 1111 507 epte
1133 423 1153 487 8
1176 420 1261 504 igno-

228 536 297 593 tum
320 529 378 592 hoc
407 528 515 592 foedus
540 527 706 592 Plutarcho
736 549 800 591 non
827 526 932 605 fuisse,
963 525 1160 609 intellegitur.
1206 527 1260 589 Vi-

229 630 320 694 detur
341 629 437 711 igitur
459 630 518 694 hoc
540 628 578 692 de
600 629 740 692 consulto
763 628 796 690 in
819 633 888 712 cpte
910 628 928 691 7
952 628 1103 708 omisisse,
1134 629 1259 708 scilicet,

227 731 317 795 nulla
339 730 402 796 alia
424 731 462 796 de
485 752 586 810 causa,
615 751 710 814 quam
732 729 816 813 quod
838 735 911 795 ante
936 729 971 792 in
999 730 1133 795 Sertorio
1159 730 1197 793 de
1226 751 1261 793 eo

228 835 451 919 disputaverat.
501 834 585 897 Haec
613 855 684 898 vero
713 833 819 898 omnia
852 834 1073 899 confirmantur
1106 854 1177 897 cum
1211 834 1261 898 de-

228 936 395 1002 monstrari
417 936 524 1022 possit,
548 936 675 1001 Sertorii
698 943 729 1000 et
743 936 891 1000 Eumenis
912 936 994 1002 vitas
1018 944 1133 1002 ceteras
1156 958 1262 1001 omnes

230 1060 308 1123 quas
322 1039 484 1118 habemus,
508 1044 647 1124 tempore
666 1039 799 1123 praeire,
822 1038 910 1104 nulla
926 1039 1018 1127 enim,
1042 1040 1092 1105 his
1115 1041 1260 1125 exceptis,

230 1143 310 1207 inter
332 1141 414 1207 vitas
436 1142 601 1226 parallelas
630 1148 685 1221 est,
715 1143 748 1205 in
777 1162 838 1225 qua
866 1163 928 1205 non
955 1141 1099 1226 pluribus
1115 1140 1262 1206 ‘sontibus

230 1268 302 1312 eum
324 1268 418 1311 usum
439 1247 537 1310 fuisse
559 1246 730 1325 rideamne,
758 1247 846 1310 nulla
868 1246 902 1309 in
930 1267 992 1329 qna
1020 1267 1083 1310 non
1109 1246 1263 1310 formulae

229 1350 310 1416 ἔνιοι
332 1346 368 1415 δὲ
385 1350 525 1433 λέγουσι,
550 1344 657 1432 οἱμὲν
672 1387 713 1397 —-
730 1349 762 1414 ei
784 1344 829 1429 δὲ,
852 1356 907 1414 aut
929 1350 1047 1414 similes
1070 1350 1193 1434 saepius
1216 1350 1262 1413 in-

229 1453 403 1532 veniantur,
428 1473 506 1536 quae
522 1451 649 1535 quidem
671 1459 701 1516 et
723 1451 757 1515 in
773 1452 922 1516 Eumenis
945 1458 975 1516 et
997 1452 1031 1517 in
1047 1452 1175 1517 Sertorii
1197 1452 1263 1518 ulta

230 1555 322 1639 plane
337 1555 463 1634 desrmt3
485 1553 610 1618 videtur
632 1554 666 1618 in
680 1554 746 1619 vita
760 1553 873 1618 Sertor.
889 1575 952 1619 uno
968 1553 1129 1635 Sallustio,
1147 1556 1182 1619 in
1197 1556 1263 1619 vita

229 1657 378 1720 Eumenis
393 1677 455 1720 uno
470 1656 660 1738 Hieronymo
677 1655 826 1720 Cardiano
842 1656 927 1720 fonto
943 1676 1018 1719 usus
1033 1676 1108 1735 esse,
1127 1657 1263 1741 exceptis

230 1762 269 1824 iis
292 1781 372 1844 quae
394 1762 428 1824 in
450 1759 539 1825 initio
555 1761 644 1824 Eum.
670 1761 686 1823 1
704 1782 742 1823 ex
757 1760 874 1824 Duride
897 1759 1061 1845 desumpta
1084 1767 1166 1841 sunt,
1191 1782 1262 1824 curn

231 1867 338 1928 contra
358 1863 392 1926 in
406 1863 473 1928 vita
487 1863 593 1929 Sullae
615 1869 645 1929 et
659 1864 792 1943 Luculli,
816 1863 967 1944 Sallustii,
991 1863 1082 1942 Livii,
1106 1864 1206 1928 Jubae
1228 1864 1264 1928 li-

231 1963 297 2027 bris
324 1963 488 2047 Sullaeque
515 1965 649 2050 denique
682 1965 921 2045 commentariis,
956 1966 990 2028 in
1017 1966 1083 2030 vita
1112 1966 1265 2048 Lysandri

232 2066 354 2151 Ephoro
369 2068 566 2154 Theopompo
581 2070 699 2134 Duride
722 2070 863 2154 aliisque,
887 2071 921 2134 in
942 2070 1079 2134 Cimonis
1101 2070 1167 2135 vita
1183 2092 1264 2135 com·

231 2168 374 2253 pluribus
397 2171 475 2235 etin
498 2171 538 2234 iis
553 2193 633 2255 quae
648 2179 820 2256 sequuntur
836 2172 978 2258 pluribus
994 2173 1108 2237 indies
1124 2174 1264 2239 lontibus

230 2294 306 2337 usus
329 2274 370 2338 sit
386 2274 437 2360 [cf.
454 2275 555 2340 Peteri
570 2277 608 2340 de
623 2279 699 2342 sont.
716 2278 798 2343 Plut.
816 2278 849 2341 in
864 2278 919 2343 vit.
936 2278 1024 2342 Rom.
1043 2277 1096 2343 lib.
1113 2300 1143 2363 p.
1161 2279 1200 2343 61
1218 2299 1263 2362 sq.

228 2376 345 2458 Haugii
367 2377 405 2441 de
428 2379 504 2443 sont.
526 2377 608 2442 Plut.
632 2379 666 2442 in
688 2379 735 2445 vit
757 2380 853 2444 Graec
875 2380 895 2443 l.
919 2403 948 2464 p.
975 2379 1127 2464 esi-71}
1165 2380 1264 2459 Adde,

230 2481 314 2562 quod
335 2480 369 2544 in
384 2481 442 2546 hoc
457 2503 520 2547 uno
542 2482 631 2562 lihro,
656 2490 692 2548 ut
713 2484 778 2548 iam
797 2506 892 2569 supra
907 2485 1025 2549 dictum
1048 2490 1103 2563 est,
1127 2485 1182 2568 qui
1197 2485 1264 2549 Ser-

228 2583 345 2646 torium
361 2590 391 2648 et
405 2584 576 2649 Eumenem
588 2587 775 2665 continebat,
792 2587 946 2651 Sertorius
962 2587 1017 2668 qui
1027 2593 1127 2651 aetate
1139 2586 1266 2651 inferior

230 2691 284 2764 est,
308 2684 441 2750 Eumeni
463 2687 656 2772 antepositus
679 2697 734 2751 est.
770 2688 844 2752 Jam
865 2687 899 2750 in
921 2688 1003 2752 libro·
1023 2709 1057 2751 eo
1073 2688 1128 2771 qui
1142 2688 1266 2752 luculli

230 2795 260 2851 et
275 2788 412 2854 Cimonis
434 2791 516 2855 vitas
538 2792 780 2877 comprehendit,
805 2792 965 2856 Cimonem
985 2792 1039 2876 qui
1062 2797 1161 2858 aetate
1182 2793 1266 2877 prior

230 2896 285 2969 est,
310 2911 502 2975 quamquam
524 2900 609 2958 totus
631 2895 681 2958 hic
703 2894 783 2959 liber
804 2894 928 2958 Luculli
950 2915 1052 2973 causa,
1080 2914 1143 2957 non
1166 2894 1265 2957 Cimo·

230 2993 280 3055 nis
302 2994 494 3079 conscriptus
517 3004 564 3060 est
587 2996 640 3080 (cf.
657 3016 791 3081 prooem.
814 2996 948 3079 Cimon.)
972 2995 1150 3080 anteposuit
1171 2996 1264 3075 Plut.,

230 3103 261 3159 et
283 3096 311 3160 si
332 3098 460 3164 Sertorii
483 3106 514 3164 et
533 3101 681 3164 Eumenis
704 3101 788 3165 vitae
810 3100 942 3184 scriptae
965 3106 1075 3178 essent,
1099 3107 1265 3185 postquam

229 3197 309 3262 hanc
337 3199 398 3264 sibi
427 3200 526 3282 legem
559 3209 590 3266 et
617 3202 770 3266 rationem
797 3201 957 3286 imposuit,
987 3207 1024 3265 ut
1056 3202 1266 3286 praemitteret

230 3321 310 3379 eum,
336 3301 390 3383 qui
412 3302 496 3387 prior
519 3302 656 3383 vixisset,
682 3310 762 3367 certe
789 3303 823 3366 in
850 3303 909 3366 hoo
938 3323 1061 3388 quoque
1088 3303 1168 3368 libro
1192 3325 1264 3367 eun-

229 3400 300 3464 dem
323 3402 462 3467 ordinem
486 3411 610 3469 secutus
634 3412 722 3485 esset,
753 3426 845 3489 quem
875 3425 947 3468 cum
974 3426 1037 3469 non
1067 3412 1190 3470 secutus
1214 3404 1263 3482 sit,

228 3502 330 3587 primo
361 3502 426 3567 loeo
454 3526 608 3589 ponamus
637 3505 766 3571 Sertorii
796 3512 826 3570 et
854 3506 1002 3570 Eumenis
1032 3507 1113 3573 vitas
1136 3512 1264 3591 oportet.

228 3606 312 3680 Quae
335 3625 407 3668 cum
428 3605 473 3670 ita
495 3606 567 3687 sint,
596 3608 671 3690 quid
694 3608 732 3672 de
754 3590 863 3672 Lienio
886 3608 1105 3687 iudicabimus,
1130 3609 1185 3692 qui
1207 3608 1265 3671 has

228 3707 311 3772 ritas
338 3707 485 3773 vicesimo
514 3714 600 3774 sexto
628 3709 694 3774 loco
722 3709 886 3776 collocavit
914 3716 944 3774 et
972 3711 1010 3773 de
1037 3709 1076 3773 iis
1099 3710 1266 3774 Godoiredi

228 3810 399 3876 Hermauni
422 3810 478 3877 illa
491 3813 587 3876 verba
602 3813 742 3897 pretulit,
766 3819 857 3897 turpe
872 3833 938 3876 esse
960 3813 1078 3876 nescire
1093 3833 1172 3895 quae
1195 3813 1267 3876 sciri

229 3912 369 3994 possint?
396 3913 457 3979 Sed
471 3914 619 3978 Lionium
633 3914 807 3992 mittamus,
827 3913 883 3995 qui
898 3933 969 3976 eum
984 3912 1113 3994 triginta
1125 3921 1155 3979 et
1169 3935 1266 3978 unam

227 4015 356 4099 paginas
374 4018 549 4104 compleret,
574 4024 692 4100 septem
708 4018 764 4079 vix
783 4038 874 4080 sanas
898 4017 1067 4079 seutentias
1082 4018 1264 4102 procreavit,

1028 4134 1061 4188 3*
