<?xml version="1.0" encoding="UTF-8"?>
<!DOCTYPE html PUBLIC "-//W3C//DTD XHTML 1.0 Transitional//EN"
    "http://www.w3.org/TR/xhtml1/DTD/xhtml1-transitional.dtd">
<html xmlns="http://www.w3.org/1999/xhtml" xml:lang="en" lang="en">
 <head>
  <title>
</title>
<meta http-equiv="Content-Type" content="text/html;charset=utf-8" />
  <meta name='ocr-system' content='tesseract 3.04.00' />
  <meta name='ocr-capabilities' content='ocr_page ocr_carea ocr_par ocr_line ocrx_word'/>
</head>
<body>
  <div class='ocr_page' id='page_1' title='image "./deordinevitarum00michgoog_0021.png"; bbox 0 0 2866 4482; ppageno 0'>
   <div class='ocr_carea' id='block_1_1' title="bbox 597 254 797 322">
    <p class='ocr_par' dir='ltr' id='par_1_1' title="bbox 597 254 797 322">
     <span class='ocr_line' id='line_1_1' title="bbox 597 254 797 322; baseline 0 -19"><span class='ocrx_word' id='word_1_1' title='bbox 597 254 797 322; x_wconf 77' lang='lat'>..12-</span> 
     </span>
    </p>
   </div>
   <div class='ocr_carea' id='block_1_2' title="bbox 174 422 1212 3509">
    <p class='ocr_par' dir='ltr' id='par_1_2' title="bbox 174 422 1212 1032">
     <span class='ocr_line' id='line_1_2' title="bbox 177 422 1211 516; baseline 0.004 -27"><span class='ocrx_word' id='word_1_2' title='bbox 177 425 212 489; x_wconf 89' lang='lat' dir='ltr'>in</span> <span class='ocrx_word' id='word_1_3' title='bbox 238 425 312 491; x_wconf 88' lang='lat' dir='ltr'>Fab.</span> <span class='ocrx_word' id='word_1_4' title='bbox 336 427 388 491; x_wconf 72' lang='lat'>22.</span> <span class='ocrx_word' id='word_1_5' title='bbox 418 423 507 493; x_wconf 84' lang='grc' dir='ltr'><strong><em>πολδ</em></strong></span> <span class='ocrx_word' id='word_1_6' title='bbox 531 426 731 513; x_wconf 77' lang='grc' dir='ltr'><strong><em>Μαρκέλλου</em></strong></span> <span class='ocrx_word' id='word_1_7' title='bbox 754 426 868 511; x_wconf 84' lang='grc' dir='ltr'><strong><em>φανεὶς</em></strong></span> <span class='ocrx_word' id='word_1_8' title='bbox 901 422 1106 515; x_wconf 75' lang='grc' dir='ltr'><em>ἀτοπώτερος</em></span> <span class='ocrx_word' id='word_1_9' title='bbox 1134 427 1211 516; x_wconf 82' lang='grc' dir='ltr'><strong><em>περὶ</em></strong></span> 
     </span>
     <span class='ocr_line' id='line_1_3' title="bbox 174 523 1212 617; baseline 0.008 -26"><span class='ocrx_word' id='word_1_10' title='bbox 174 530 288 609; x_wconf 70' lang='lat' dir='ltr'>coiea,</span> <span class='ocrx_word' id='word_1_11' title='bbox 308 527 440 610; x_wconf 78' lang='grc' dir='ltr'><strong><em>μᾶλλον</em></strong></span> <span class='ocrx_word' id='word_1_12' title='bbox 454 523 484 592; x_wconf 88' lang='grc' dir='ltr'><strong><em>δ</em></strong></span> <span class='ocrx_word' id='word_1_13' title='bbox 484 523 567 603; x_wconf 82' lang='grc' dir='ltr'><strong><em>ὅλας</em></strong></span> <span class='ocrx_word' id='word_1_14' title='bbox 582 527 707 596; x_wconf 76' lang='grc' dir='ltr'><strong><em>ἐκεῖνον</em></strong></span> <span class='ocrx_word' id='word_1_15' title='bbox 721 524 823 614; x_wconf 83' lang='grc' dir='ltr'><strong><em>ἄνδρα</em></strong></span> <span class='ocrx_word' id='word_1_16' title='bbox 839 527 996 617; x_wconf 68' lang='grc' dir='ltr'>πρᾳότητι</span> <span class='ocrx_word' id='word_1_17' title='bbox 1017 527 1073 596; x_wconf 81' lang='grc' dir='ltr'>καὶ</span> <span class='ocrx_word' id='word_1_18' title='bbox 1095 530 1212 615; x_wconf 84' lang='grc' dir='ltr'><strong><em>φολαν·</em></strong></span> 
     </span>
     <span class='ocr_line' id='line_1_4' title="bbox 175 629 1211 721; baseline 0.004 -24"><span class='ocrx_word' id='word_1_19' title='bbox 175 632 313 719; x_wconf 77' lang='grc' dir='ltr'><strong><em>θρωπίᾳ</em></strong></span> <span class='ocrx_word' id='word_1_20' title='bbox 335 631 531 715; x_wconf 72' lang='grc' dir='ltr'><strong><em>θαυμαστὸν</em></strong></span> <span class='ocrx_word' id='word_1_21' title='bbox 558 629 741 716; x_wconf 78' lang='grc' dir='ltr'><strong><em>ἀποδείξας,</em></strong></span> <span class='ocrx_word' id='word_1_22' title='bbox 764 634 807 709; x_wconf 78' lang='grc' dir='ltr'>ὥς</span> <span class='ocrx_word' id='word_1_23' title='bbox 829 630 866 700; x_wconf 78' lang='grc' dir='ltr'>ἐν</span> <span class='ocrx_word' id='word_1_24' title='bbox 886 643 954 710; x_wconf 78' lang='grc' dir='ltr'><strong><em>τοῖς</em></strong></span> <span class='ocrx_word' id='word_1_25' title='bbox 981 633 1059 721; x_wconf 80' lang='grc' dir='ltr'><em>περὶ</em></span> <span class='ocrx_word' id='word_1_26' title='bbox 1086 634 1211 704; x_wconf 77' lang='grc' dir='ltr'><strong><em>ε’κελνον</em></strong></span> 
     </span>
     <span class='ocr_line' id='line_1_5' title="bbox 176 730 1211 820; baseline 0.01 -22"><span class='ocrx_word' id='word_1_27' title='bbox 176 734 362 819; x_wconf 75' lang='grc' dir='ltr'><strong><em>γέγραπται.</em></strong></span> <span class='ocrx_word' id='word_1_28' title='bbox 398 733 551 819; x_wconf 78' lang='grc' dir='ltr'><strong><em>Ἀννίβαν</em></strong></span> <span class='ocrx_word' id='word_1_29' title='bbox 572 730 608 801; x_wconf 78' lang='grc' dir='ltr'>δὲ</span> <span class='ocrx_word' id='word_1_30' title='bbox 627 730 754 820; x_wconf 72' lang='grc' dir='ltr'><strong><em>λέγεται</em></strong></span> <span class='ocrx_word' id='word_1_31' title='bbox 775 762 804 804; x_wconf 81' lang='grc' dir='ltr'>κ.</span> <span class='ocrx_word' id='word_1_32' title='bbox 821 759 847 808; x_wconf 80' lang='grc' dir='ltr'>ν.</span> <span class='ocrx_word' id='word_1_33' title='bbox 864 737 895 806; x_wconf 86' lang='grc' dir='ltr'>λ.</span> <span class='ocrx_word' id='word_1_34' title='bbox 918 760 981 805; x_wconf 91' lang='lat' dir='ltr'>uon</span> <span class='ocrx_word' id='word_1_35' title='bbox 1003 761 1024 805; x_wconf 86' lang='lat' dir='ltr'>a</span> <span class='ocrx_word' id='word_1_36' title='bbox 1044 740 1211 808; x_wconf 86' lang='lat' dir='ltr'>Plutarcho</span> 
     </span>
     <span class='ocr_line' id='line_1_6' title="bbox 177 837 1211 929; baseline 0.009 -27"><span class='ocrx_word' id='word_1_37' title='bbox 177 837 291 923; x_wconf 87' lang='lat' dir='ltr'>scripta</span> <span class='ocrx_word' id='word_1_38' title='bbox 313 860 379 904; x_wconf 88' lang='lat' dir='ltr'>esse</span> <span class='ocrx_word' id='word_1_39' title='bbox 401 846 538 925; x_wconf 88' lang='lat' dir='ltr'>apparet.</span> <span class='ocrx_word' id='word_1_40' title='bbox 587 840 694 929; x_wconf 81' lang='lat' dir='ltr'>Neque</span> <span class='ocrx_word' id='word_1_41' title='bbox 722 842 806 907; x_wconf 91' lang='lat' dir='ltr'>enim</span> <span class='ocrx_word' id='word_1_42' title='bbox 828 849 875 908; x_wconf 89' lang='lat' dir='ltr'>est</span> <span class='ocrx_word' id='word_1_43' title='bbox 895 843 1056 909; x_wconf 77' lang='lat' dir='ltr'>Plutarchi</span> <span class='ocrx_word' id='word_1_44' title='bbox 1077 846 1211 929; x_wconf 85' lang='lat' dir='ltr'>proiecto</span> 
     </span>
     <span class='ocr_line' id='line_1_7' title="bbox 177 940 948 1032; baseline 0.013 -27"><span class='ocrx_word' id='word_1_45' title='bbox 177 940 283 1007; x_wconf 82' lang='lat' dir='ltr'>hiatus</span> <span class='ocrx_word' id='word_1_46' title='bbox 304 941 358 1007; x_wconf 91' lang='lat' dir='ltr'>ille</span> <span class='ocrx_word' id='word_1_47' title='bbox 380 942 414 1007; x_wconf 90' lang='lat' dir='ltr'>in</span> <span class='ocrx_word' id='word_1_48' title='bbox 436 945 539 1010; x_wconf 88' lang='lat' dir='ltr'>verbis</span> <span class='ocrx_word' id='word_1_49' title='bbox 560 945 747 1030; x_wconf 69' lang='lat' dir='ltr'>reppererat.</span> <span class='ocrx_word' id='word_1_50' title='bbox 768 941 948 1032; x_wconf 57' lang='lat' dir='ltr'>torpeus)</span> 
     </span>
    </p>

    <p class='ocr_par' dir='ltr' id='par_1_3' title="bbox 176 1045 1212 3509">
     <span class='ocr_line' id='line_1_8' title="bbox 262 1045 1210 1137; baseline 0.007 -27"><span class='ocrx_word' id='word_1_51' title='bbox 262 1045 368 1131; x_wconf 91' lang='lat' dir='ltr'>Atque</span> <span class='ocrx_word' id='word_1_52' title='bbox 390 1054 427 1113; x_wconf 94' lang='lat' dir='ltr'>ut</span> <span class='ocrx_word' id='word_1_53' title='bbox 448 1048 488 1113; x_wconf 89' lang='lat' dir='ltr'>ad</span> <span class='ocrx_word' id='word_1_54' title='bbox 512 1055 682 1115; x_wconf 83' lang='lat' dir='ltr'>extremam</span> <span class='ocrx_word' id='word_1_55' title='bbox 704 1050 817 1116; x_wconf 84' lang='lat' dir='ltr'>haruin</span> <span class='ocrx_word' id='word_1_56' title='bbox 831 1051 1037 1117; x_wconf 88' lang='lat' dir='ltr'>formularum</span> <span class='ocrx_word' id='word_1_57' title='bbox 1052 1051 1210 1137; x_wconf 87' lang='lat' dir='ltr'>pervenia-</span> 
     </span>
     <span class='ocr_line' id='line_1_9' title="bbox 177 1150 1212 1238; baseline 0.008 -27"><span class='ocrx_word' id='word_1_58' title='bbox 177 1169 265 1228; x_wconf 87' lang='lat' dir='ltr'>mus,</span> <span class='ocrx_word' id='word_1_59' title='bbox 294 1170 374 1233; x_wconf 90' lang='lat' dir='ltr'>quae</span> <span class='ocrx_word' id='word_1_60' title='bbox 401 1150 501 1235; x_wconf 89' lang='lat' dir='ltr'>primo</span> <span class='ocrx_word' id='word_1_61' title='bbox 530 1158 696 1238; x_wconf 91' lang='lat' dir='ltr'>conspectu</span> <span class='ocrx_word' id='word_1_62' title='bbox 724 1153 933 1238; x_wconf 86' lang='lat' dir='ltr'>suspicionem</span> <span class='ocrx_word' id='word_1_63' title='bbox 961 1160 1148 1234; x_wconf 87' lang='lat' dir='ltr'>commovet,</span> <span class='ocrx_word' id='word_1_64' title='bbox 1177 1153 1212 1219; x_wconf 91' lang='lat' dir='ltr'>in</span> 
     </span>
     <span class='ocr_line' id='line_1_10' title="bbox 178 1250 1211 1342; baseline 0.007 -25"><span class='ocrx_word' id='word_1_65' title='bbox 178 1252 244 1317; x_wconf 89' lang='lat' dir='ltr'>Nic.</span> <span class='ocrx_word' id='word_1_66' title='bbox 270 1256 307 1319; x_wconf 94' lang='lat' dir='ltr'>ll</span> <span class='ocrx_word' id='word_1_67' title='bbox 331 1262 390 1321; x_wconf 86' lang='lat' dir='ltr'>est:</span> <span class='ocrx_word' id='word_1_68' title='bbox 417 1257 479 1320; x_wconf 76' lang='grc' dir='ltr'>τοῦ</span> <span class='ocrx_word' id='word_1_69' title='bbox 499 1250 635 1342; x_wconf 78' lang='grc' dir='ltr'><strong><em>μὲνγὰρ</em></strong></span> <span class='ocrx_word' id='word_1_70' title='bbox 656 1250 854 1341; x_wconf 77' lang='grc' dir='ltr'><strong><em>Ἀλκιβιάδου</em></strong></span> <span class='ocrx_word' id='word_1_71' title='bbox 875 1256 1009 1326; x_wconf 83' lang='grc' dir='ltr'><strong><em>καὶτὸν</em></strong></span> <span class='ocrx_word' id='word_1_72' title='bbox 1030 1259 1103 1342; x_wconf 80' lang='grc' dir='ltr'><strong><em>βίον</em></strong></span> <span class='ocrx_word' id='word_1_73' title='bbox 1124 1253 1211 1342; x_wconf 75' lang='grc' dir='ltr'><strong><em>ἐβδε-</em></strong></span> 
     </span>
     <span class='ocr_line' id='line_1_11' title="bbox 176 1350 1212 1443; baseline 0.01 -27"><span class='ocrx_word' id='word_1_74' title='bbox 176 1350 334 1422; x_wconf 75' lang='grc' dir='ltr'><strong><em>λύττοντο</em></strong></span> <span class='ocrx_word' id='word_1_75' title='bbox 362 1352 416 1420; x_wconf 82' lang='grc' dir='ltr'>καὶ</span> <span class='ocrx_word' id='word_1_76' title='bbox 443 1353 481 1420; x_wconf 82' lang='grc' dir='ltr'>τὸ</span> <span class='ocrx_word' id='word_1_77' title='bbox 503 1355 629 1442; x_wconf 78' lang='grc' dir='ltr'><strong><em>θράσος</em></strong></span> <span class='ocrx_word' id='word_1_78' title='bbox 652 1353 824 1443; x_wconf 78' lang='grc' dir='ltr'><strong><em>ὠρρώδουν</em></strong></span> <span class='ocrx_word' id='word_1_79' title='bbox 829 1409 840 1442; x_wconf 88' lang='lat'><em>,</em></span> <span class='ocrx_word' id='word_1_80' title='bbox 871 1360 913 1435; x_wconf 77' lang='grc' dir='ltr'>ὥς</span> <span class='ocrx_word' id='word_1_81' title='bbox 934 1359 1066 1442; x_wconf 75' lang='grc' dir='ltr'><strong><em>μᾶλλον</em></strong></span> <span class='ocrx_word' id='word_1_82' title='bbox 1087 1356 1124 1426; x_wconf 76' lang='grc' dir='ltr'>ἐν</span> <span class='ocrx_word' id='word_1_83' title='bbox 1144 1365 1212 1436; x_wconf 79' lang='grc' dir='ltr'><strong><em>τοῖς</em></strong></span> 
     </span>
     <span class='ocr_line' id='line_1_12' title="bbox 178 1453 1211 1548; baseline 0.008 -28"><span class='ocrx_word' id='word_1_84' title='bbox 178 1453 405 1541; x_wconf 15' lang='grc' dir='ltr'><strong><em>περὶλέκελνον</em></strong></span> <span class='ocrx_word' id='word_1_85' title='bbox 433 1460 650 1543; x_wconf 79' lang='grc' dir='ltr'><strong><em>γραφομένοις</em></strong></span> <span class='ocrx_word' id='word_1_86' title='bbox 684 1459 856 1547; x_wconf 77' lang='grc' dir='ltr'><strong><em>δηλοῦται,</em></strong></span> <span class='ocrx_word' id='word_1_87' title='bbox 894 1462 1008 1548; x_wconf 90' lang='lat' dir='ltr'>quibus</span> <span class='ocrx_word' id='word_1_88' title='bbox 1041 1463 1076 1527; x_wconf 89' lang='lat' dir='ltr'>in</span> <span class='ocrx_word' id='word_1_89' title='bbox 1108 1463 1211 1528; x_wconf 77' lang='lat' dir='ltr'>uerbis</span> 
     </span>
     <span class='ocr_line' id='line_1_13' title="bbox 178 1560 1211 1652; baseline 0.006 -27"><span class='ocrx_word' id='word_1_90' title='bbox 178 1560 295 1626; x_wconf 89' lang='lat' dir='ltr'>mirum</span> <span class='ocrx_word' id='word_1_91' title='bbox 316 1562 416 1627; x_wconf 87' lang='lat' dir='ltr'>rideri</span> <span class='ocrx_word' id='word_1_92' title='bbox 442 1569 544 1649; x_wconf 90' lang='lat' dir='ltr'>potest</span> <span class='ocrx_word' id='word_1_93' title='bbox 571 1564 652 1629; x_wconf 90' lang='lat' dir='ltr'>illud</span> <span class='ocrx_word' id='word_1_94' title='bbox 680 1571 804 1652; x_wconf 89' lang='lat' dir='ltr'>tempus</span> <span class='ocrx_word' id='word_1_95' title='bbox 832 1586 993 1652; x_wconf 77' lang='lat' dir='ltr'>praesens,</span> <span class='ocrx_word' id='word_1_96' title='bbox 1024 1573 1055 1631; x_wconf 91' lang='lat' dir='ltr'>et</span> <span class='ocrx_word' id='word_1_97' title='bbox 1083 1567 1111 1630; x_wconf 88' lang='lat' dir='ltr'>si</span> <span class='ocrx_word' id='word_1_98' title='bbox 1138 1567 1211 1632; x_wconf 84' lang='lat' dir='ltr'>ferri</span> 
     </span>
     <span class='ocr_line' id='line_1_14' title="bbox 178 1664 1212 1752; baseline 0.006 -24"><span class='ocrx_word' id='word_1_99' title='bbox 178 1664 236 1729; x_wconf 92' lang='lat' dir='ltr'>hoc</span> <span class='ocrx_word' id='word_1_100' title='bbox 257 1671 359 1750; x_wconf 87' lang='lat' dir='ltr'>potest</span> <span class='ocrx_word' id='word_1_101' title='bbox 380 1665 413 1728; x_wconf 92' lang='lat' dir='ltr'>in</span> <span class='ocrx_word' id='word_1_102' title='bbox 436 1667 529 1732; x_wconf 87' lang='lat' dir='ltr'>verbo</span> <span class='ocrx_word' id='word_1_103' title='bbox 552 1665 719 1752; x_wconf 77' lang='grc' dir='ltr'><strong><em>δηλοῦται,</em></strong></span> <span class='ocrx_word' id='word_1_104' title='bbox 744 1675 779 1732; x_wconf 91' lang='lat' dir='ltr'>ut</span> <span class='ocrx_word' id='word_1_105' title='bbox 800 1667 959 1733; x_wconf 90' lang='lat' dir='ltr'>invenitur</span> <span class='ocrx_word' id='word_1_106' title='bbox 973 1666 1058 1732; x_wconf 91' lang='lat' dir='ltr'>idem</span> <span class='ocrx_word' id='word_1_107' title='bbox 1084 1668 1120 1732; x_wconf 92' lang='lat' dir='ltr'>in</span> <span class='ocrx_word' id='word_1_108' title='bbox 1146 1668 1212 1734; x_wconf 89' lang='lat' dir='ltr'>vita</span> 
     </span>
     <span class='ocr_line' id='line_1_15' title="bbox 178 1756 1211 1858; baseline 0 -24"><span class='ocrx_word' id='word_1_109' title='bbox 178 1770 261 1835; x_wconf 80' lang='lat' dir='ltr'>Caes</span> <span class='ocrx_word' id='word_1_110' title='bbox 290 1770 333 1835; x_wconf 85' lang='lat'>45</span> <span class='ocrx_word' id='word_1_111' title='bbox 355 1756 540 1845; x_wconf 77' lang='grc' dir='ltr'><strong><em>Ἀλλόδτος</em></strong></span> <span class='ocrx_word' id='word_1_112' title='bbox 562 1808 602 1819; x_wconf 95' lang='grc'>-</span> <span class='ocrx_word' id='word_1_113' title='bbox 631 1771 798 1858; x_wconf 75' lang='grc' dir='ltr'>δηλοῦμεν</span> <span class='ocrx_word' id='word_1_114' title='bbox 827 1768 863 1836; x_wconf 81' lang='grc' dir='ltr'>ἐν</span> <span class='ocrx_word' id='word_1_115' title='bbox 888 1776 956 1846; x_wconf 78' lang='grc' dir='ltr'><strong><em>τοῖς</em></strong></span> <span class='ocrx_word' id='word_1_116' title='bbox 982 1770 1057 1856; x_wconf 83' lang='grc' dir='ltr'><strong><em>περὶ</em></strong></span> <span class='ocrx_word' id='word_1_117' title='bbox 1085 1768 1211 1839; x_wconf 76' lang='grc' dir='ltr'><strong><em>ἐκείνου</em></strong></span> 
     </span>
     <span class='ocr_line' id='line_1_16' title="bbox 178 1872 1212 1963; baseline 0.001 -22"><span class='ocrx_word' id='word_1_118' title='bbox 178 1872 352 1959; x_wconf 74' lang='grc' dir='ltr'><strong><em>γράμμασι,</em></strong></span> <span class='ocrx_word' id='word_1_119' title='bbox 376 1897 436 1960; x_wconf 92' lang='lat' dir='ltr'>quo</span> <span class='ocrx_word' id='word_1_120' title='bbox 460 1876 525 1942; x_wconf 90' lang='lat' dir='ltr'>loco</span> <span class='ocrx_word' id='word_1_121' title='bbox 545 1877 673 1963; x_wconf 79' lang='lat' dir='ltr'>Pompei</span> <span class='ocrx_word' id='word_1_122' title='bbox 694 1878 761 1942; x_wconf 85' lang='lat' dir='ltr'>vite</span> <span class='ocrx_word' id='word_1_123' title='bbox 781 1884 889 1963; x_wconf 84' lang='lat' dir='ltr'>postea</span> <span class='ocrx_word' id='word_1_124' title='bbox 910 1877 1130 1943; x_wconf 86' lang='lat' dir='ltr'>conscribenda</span> <span class='ocrx_word' id='word_1_125' title='bbox 1151 1878 1212 1961; x_wconf 82' lang='lat' dir='ltr'>sig·</span> 
     </span>
     <span class='ocr_line' id='line_1_17' title="bbox 178 1975 1211 2066; baseline 0.004 -24"><span class='ocrx_word' id='word_1_126' title='bbox 178 1975 336 2057; x_wconf 79' lang='lat' dir='ltr'>uideatur,</span> <span class='ocrx_word' id='word_1_127' title='bbox 364 1978 482 2043; x_wconf 88' lang='lat' dir='ltr'>mirum</span> <span class='ocrx_word' id='word_1_128' title='bbox 508 1984 615 2044; x_wconf 81' lang='lat' dir='ltr'>temen</span> <span class='ocrx_word' id='word_1_129' title='bbox 641 1979 675 2044; x_wconf 91' lang='lat' dir='ltr'>in</span> <span class='ocrx_word' id='word_1_130' title='bbox 701 1980 863 2066; x_wconf 87' lang='lat' dir='ltr'>participio</span> <span class='ocrx_word' id='word_1_131' title='bbox 888 1981 1107 2064; x_wconf 77' lang='grc' dir='ltr'><strong><em>γραφομένοις</em></strong></span> <span class='ocrx_word' id='word_1_132' title='bbox 1128 1980 1211 2065; x_wconf 87' lang='lat' dir='ltr'>quod</span> 
     </span>
     <span class='ocr_line' id='line_1_18' title="bbox 179 2081 1212 2163; baseline 0.004 -19"><span class='ocrx_word' id='word_1_133' title='bbox 179 2099 233 2161; x_wconf 81' lang='lat' dir='ltr'>ego</span> <span class='ocrx_word' id='word_1_134' title='bbox 261 2085 419 2163; x_wconf 87' lang='lat' dir='ltr'>praeterea</span> <span class='ocrx_word' id='word_1_135' title='bbox 445 2086 576 2147; x_wconf 89' lang='lat' dir='ltr'>tantum·</span> <span class='ocrx_word' id='word_1_136' title='bbox 598 2081 632 2146; x_wconf 91' lang='lat' dir='ltr'>in</span> <span class='ocrx_word' id='word_1_137' title='bbox 661 2081 737 2146; x_wconf 88' lang='lat' dir='ltr'>Mar.</span> <span class='ocrx_word' id='word_1_138' title='bbox 762 2082 804 2146; x_wconf 78' lang='lat'>29</span> <span class='ocrx_word' id='word_1_139' title='bbox 835 2081 941 2146; x_wconf 88' lang='lat' dir='ltr'>inveni</span> <span class='ocrx_word' id='word_1_140' title='bbox 963 2082 1018 2146; x_wconf 93' lang='lat' dir='ltr'>ubi</span> <span class='ocrx_word' id='word_1_141' title='bbox 1042 2104 1113 2147; x_wconf 92' lang='lat' dir='ltr'>cum</span> <span class='ocrx_word' id='word_1_142' title='bbox 1134 2088 1212 2147; x_wconf 90' lang='lat' dir='ltr'>tem·</span> 
     </span>
     <span class='ocr_line' id='line_1_19' title="bbox 177 2179 1211 2267; baseline 0.002 -21"><span class='ocrx_word' id='word_1_143' title='bbox 177 2200 251 2264; x_wconf 89' lang='lat' dir='ltr'>pore</span> <span class='ocrx_word' id='word_1_144' title='bbox 265 2181 369 2247; x_wconf 88' lang='lat' dir='ltr'>futuro</span> <span class='ocrx_word' id='word_1_145' title='bbox 392 2181 592 2248; x_wconf 88' lang='lat' dir='ltr'>coniunctum</span> <span class='ocrx_word' id='word_1_146' title='bbox 614 2188 675 2247; x_wconf 89' lang='lat' dir='ltr'>est:</span> <span class='ocrx_word' id='word_1_147' title='bbox 697 2183 826 2264; x_wconf 75' lang='grc' dir='ltr'><strong><em>βέλτιον</em></strong></span> <span class='ocrx_word' id='word_1_148' title='bbox 848 2179 883 2248; x_wconf 80' lang='grc' dir='ltr'>ἐν</span> <span class='ocrx_word' id='word_1_149' title='bbox 898 2187 964 2256; x_wconf 82' lang='grc' dir='ltr'><strong><em>τοῖς</em></strong></span> <span class='ocrx_word' id='word_1_150' title='bbox 986 2182 1063 2267; x_wconf 81' lang='grc' dir='ltr'><em>περὶ</em></span> <span class='ocrx_word' id='word_1_151' title='bbox 1085 2179 1211 2249; x_wconf 76' lang='grc' dir='ltr'><strong><em>ἐκείνου</em></strong></span> 
     </span>
     <span class='ocr_line' id='line_1_20' title="bbox 177 2281 1211 2372; baseline 0.006 -26"><span class='ocrx_word' id='word_1_152' title='bbox 177 2284 394 2366; x_wconf 78' lang='grc' dir='ltr'><strong><em>γραφομένοις</em></strong></span> <span class='ocrx_word' id='word_1_153' title='bbox 422 2281 592 2369; x_wconf 77' lang='grc' dir='ltr'><strong><em>εἰρήσεται.</em></strong></span> <span class='ocrx_word' id='word_1_154' title='bbox 638 2285 699 2350; x_wconf 86' lang='lat' dir='ltr'>Sed</span> <span class='ocrx_word' id='word_1_155' title='bbox 722 2284 845 2350; x_wconf 87' lang='lat' dir='ltr'>etiamsi</span> <span class='ocrx_word' id='word_1_156' title='bbox 866 2287 960 2350; x_wconf 87' lang='lat' dir='ltr'>verba</span> <span class='ocrx_word' id='word_1_157' title='bbox 985 2286 1042 2352; x_wconf 81' lang='lat' dir='ltr'>illa</span> <span class='ocrx_word' id='word_1_158' title='bbox 1069 2287 1137 2372; x_wconf 87' lang='lat' dir='ltr'>ipsa</span> <span class='ocrx_word' id='word_1_159' title='bbox 1163 2288 1211 2352; x_wconf 89' lang='lat' dir='ltr'>iu-</span> 
     </span>
     <span class='ocr_line' id='line_1_21' title="bbox 180 2386 1210 2474; baseline 0.008 -25"><span class='ocrx_word' id='word_1_160' title='bbox 180 2390 262 2450; x_wconf 87' lang='lat' dir='ltr'>tacta</span> <span class='ocrx_word' id='word_1_161' title='bbox 289 2386 518 2470; x_wconf 75' lang='lat' dir='ltr'>relinquamuS‚</span> <span class='ocrx_word' id='word_1_162' title='bbox 551 2386 647 2451; x_wconf 89' lang='lat' dir='ltr'>etad</span> <span class='ocrx_word' id='word_1_163' title='bbox 674 2386 848 2452; x_wconf 81' lang='lat' dir='ltr'>Alcibiadis</span> <span class='ocrx_word' id='word_1_164' title='bbox 875 2388 974 2453; x_wconf 90' lang='lat' dir='ltr'>vitam</span> <span class='ocrx_word' id='word_1_165' title='bbox 1001 2395 1109 2474; x_wconf 91' lang='lat' dir='ltr'>postea</span> <span class='ocrx_word' id='word_1_166' title='bbox 1141 2412 1210 2457; x_wconf 90' lang='lat' dir='ltr'>con·</span> 
     </span>
     <span class='ocr_line' id='line_1_22' title="bbox 179 2487 1212 2568; baseline 0.006 -17"><span class='ocrx_word' id='word_1_167' title='bbox 179 2487 374 2553; x_wconf 80' lang='lat' dir='ltr'>scribendam</span> <span class='ocrx_word' id='word_1_168' title='bbox 395 2489 573 2568; x_wconf 85' lang='lat' dir='ltr'>referamus,</span> <span class='ocrx_word' id='word_1_169' title='bbox 596 2493 702 2554; x_wconf 91' lang='lat' dir='ltr'>tamen</span> <span class='ocrx_word' id='word_1_170' title='bbox 724 2489 922 2555; x_wconf 88' lang='lat' dir='ltr'>aPlutarcho</span> <span class='ocrx_word' id='word_1_171' title='bbox 944 2489 1052 2556; x_wconf 88' lang='lat' dir='ltr'>addita</span> <span class='ocrx_word' id='word_1_172' title='bbox 1067 2512 1133 2556; x_wconf 86' lang='lat' dir='ltr'>esse</span> <span class='ocrx_word' id='word_1_173' title='bbox 1149 2513 1212 2558; x_wconf 90' lang='lat' dir='ltr'>non</span> 
     </span>
     <span class='ocr_line' id='line_1_23' title="bbox 178 2594 1210 2680; baseline 0.003 -21"><span class='ocrx_word' id='word_1_174' title='bbox 178 2600 319 2678; x_wconf 87' lang='lat' dir='ltr'>possunt.</span> <span class='ocrx_word' id='word_1_175' title='bbox 364 2594 444 2659; x_wconf 89' lang='lat' dir='ltr'>Nem</span> <span class='ocrx_word' id='word_1_176' title='bbox 466 2594 572 2659; x_wconf 84' lang='lat' dir='ltr'>Niciae</span> <span class='ocrx_word' id='word_1_177' title='bbox 600 2594 679 2674; x_wconf 78' lang='lat' dir='ltr'>vita,</span> <span class='ocrx_word' id='word_1_178' title='bbox 708 2615 788 2680; x_wconf 90' lang='lat' dir='ltr'>quae</span> <span class='ocrx_word' id='word_1_179' title='bbox 813 2594 979 2680; x_wconf 86' lang='lat' dir='ltr'>inprimis</span> <span class='ocrx_word' id='word_1_180' title='bbox 1003 2596 1210 2662; x_wconf 87' lang='lat' dir='ltr'>earumvita·</span> 
     </span>
     <span class='ocr_line' id='line_1_24' title="bbox 178 2698 1210 2786; baseline 0.003 -24"><span class='ocrx_word' id='word_1_181' title='bbox 178 2719 250 2762; x_wconf 90' lang='lat' dir='ltr'>rum</span> <span class='ocrx_word' id='word_1_182' title='bbox 278 2698 394 2784; x_wconf 88' lang='lat' dir='ltr'>scripta</span> <span class='ocrx_word' id='word_1_183' title='bbox 414 2706 476 2780; x_wconf 88' lang='lat' dir='ltr'>est,</span> <span class='ocrx_word' id='word_1_184' title='bbox 506 2721 584 2785; x_wconf 86' lang='lat' dir='ltr'>quas</span> <span class='ocrx_word' id='word_1_185' title='bbox 602 2700 688 2765; x_wconf 87' lang='lat' dir='ltr'>Plut.</span> <span class='ocrx_word' id='word_1_186' title='bbox 712 2722 775 2766; x_wconf 92' lang='lat' dir='ltr'>non</span> <span class='ocrx_word' id='word_1_187' title='bbox 797 2700 930 2766; x_wconf 89' lang='lat' dir='ltr'>aliorum</span> <span class='ocrx_word' id='word_1_188' title='bbox 951 2700 1116 2767; x_wconf 91' lang='lat' dir='ltr'>hominum</span> <span class='ocrx_word' id='word_1_189' title='bbox 1144 2722 1210 2786; x_wconf 87' lang='lat' dir='ltr'>pre-</span> 
     </span>
     <span class='ocr_line' id='line_1_25' title="bbox 179 2800 1211 2886; baseline 0 -22"><span class='ocrx_word' id='word_1_190' title='bbox 179 2800 267 2865; x_wconf 89' lang='lat' dir='ltr'>cibus</span> <span class='ocrx_word' id='word_1_191' title='bbox 288 2800 436 2866; x_wconf 91' lang='lat' dir='ltr'>inductus</span> <span class='ocrx_word' id='word_1_192' title='bbox 459 2801 513 2864; x_wconf 88' lang='lat' dir='ltr'>sed</span> <span class='ocrx_word' id='word_1_193' title='bbox 535 2821 593 2866; x_wconf 87' lang='lat' dir='ltr'>sua</span> <span class='ocrx_word' id='word_1_194' title='bbox 620 2807 743 2886; x_wconf 87' lang='lat' dir='ltr'>sponte,</span> <span class='ocrx_word' id='word_1_195' title='bbox 773 2806 810 2866; x_wconf 93' lang='lat' dir='ltr'>ut</span> <span class='ocrx_word' id='word_1_196' title='bbox 838 2807 941 2866; x_wconf 90' lang='lat' dir='ltr'>essent</span> <span class='ocrx_word' id='word_1_197' title='bbox 967 2823 1057 2867; x_wconf 89' lang='lat' dir='ltr'>verae</span> <span class='ocrx_word' id='word_1_198' title='bbox 1084 2801 1211 2867; x_wconf 87' lang='lat' dir='ltr'>virtutis</span> 
     </span>
     <span class='ocr_line' id='line_1_26' title="bbox 179 2905 1211 2991; baseline 0 -22"><span class='ocrx_word' id='word_1_199' title='bbox 179 2905 329 2990; x_wconf 82' lang='lat' dir='ltr'>exempla,</span> <span class='ocrx_word' id='word_1_200' title='bbox 354 2905 415 2970; x_wconf 87' lang='lat' dir='ltr'>sibi</span> <span class='ocrx_word' id='word_1_201' title='bbox 436 2905 595 2991; x_wconf 77' lang='lat' dir='ltr'>imposuit,</span> <span class='ocrx_word' id='word_1_202' title='bbox 618 2906 665 2972; x_wconf 87' lang='lat' dir='ltr'>ita</span> <span class='ocrx_word' id='word_1_203' title='bbox 686 2909 875 2973; x_wconf 83' lang='lat' dir='ltr'>conformata</span> <span class='ocrx_word' id='word_1_204' title='bbox 896 2912 952 2986; x_wconf 89' lang='lat' dir='ltr'>est,</span> <span class='ocrx_word' id='word_1_205' title='bbox 979 2912 1016 2971; x_wconf 92' lang='lat' dir='ltr'>ut</span> <span class='ocrx_word' id='word_1_206' title='bbox 1036 2906 1211 2971; x_wconf 81' lang='lat' dir='ltr'>Alcibiadis</span> 
     </span>
     <span class='ocr_line' id='line_1_27' title="bbox 178 3009 1209 3096; baseline 0.001 -22"><span class='ocrx_word' id='word_1_207' title='bbox 178 3010 276 3076; x_wconf 87' lang='lat' dir='ltr'>vitem</span> <span class='ocrx_word' id='word_1_208' title='bbox 298 3010 372 3075; x_wconf 93' lang='lat' dir='ltr'>huic</span> <span class='ocrx_word' id='word_1_209' title='bbox 395 3011 581 3094; x_wconf 82' lang='lat' dir='ltr'>subiungere</span> <span class='ocrx_word' id='word_1_210' title='bbox 595 3012 676 3077; x_wconf 92' lang='lat' dir='ltr'>Plut.</span> <span class='ocrx_word' id='word_1_211' title='bbox 693 3012 727 3076; x_wconf 90' lang='lat' dir='ltr'>in</span> <span class='ocrx_word' id='word_1_212' title='bbox 742 3011 846 3077; x_wconf 89' lang='lat' dir='ltr'>animo</span> <span class='ocrx_word' id='word_1_213' title='bbox 862 3009 1010 3076; x_wconf 84' lang='lat' dir='ltr'>habuisse</span> <span class='ocrx_word' id='word_1_214' title='bbox 1024 3032 1088 3077; x_wconf 89' lang='lat' dir='ltr'>non</span> <span class='ocrx_word' id='word_1_215' title='bbox 1102 3010 1209 3096; x_wconf 79' lang='lat' dir='ltr'>possit.</span> 
     </span>
     <span class='ocr_line' id='line_1_28' title="bbox 177 3115 1212 3201; baseline -0.002 -21"><span class='ocrx_word' id='word_1_216' title='bbox 177 3116 248 3181; x_wconf 92' lang='lat' dir='ltr'>Non</span> <span class='ocrx_word' id='word_1_217' title='bbox 268 3116 421 3182; x_wconf 87' lang='lat' dir='ltr'>mehercle</span> <span class='ocrx_word' id='word_1_218' title='bbox 441 3116 584 3187; x_wconf 82' lang='lat' dir='ltr'>ferendae</span> <span class='ocrx_word' id='word_1_219' title='bbox 606 3124 709 3182; x_wconf 86' lang='lat' dir='ltr'>esseut</span> <span class='ocrx_word' id='word_1_220' title='bbox 729 3116 803 3181; x_wconf 89' lang='lat' dir='ltr'>illae</span> <span class='ocrx_word' id='word_1_221' title='bbox 817 3116 1000 3181; x_wconf 89' lang='lat' dir='ltr'>innumerae</span> <span class='ocrx_word' id='word_1_222' title='bbox 1014 3115 1212 3201; x_wconf 77' lang='lat' dir='ltr'>repetitiones</span> 
     </span>
     <span class='ocr_line' id='line_1_29' title="bbox 178 3216 1212 3304; baseline -0.001 -20"><span class='ocrx_word' id='word_1_223' title='bbox 178 3240 235 3284; x_wconf 88' lang='lat' dir='ltr'>nec</span> <span class='ocrx_word' id='word_1_224' title='bbox 255 3216 356 3304; x_wconf 80' lang='lat' dir='ltr'>magis</span> <span class='ocrx_word' id='word_1_225' title='bbox 382 3221 557 3302; x_wconf 84' lang='lat' dir='ltr'>ferendum,</span> <span class='ocrx_word' id='word_1_226' title='bbox 587 3220 621 3285; x_wconf 91' lang='lat' dir='ltr'>in</span> <span class='ocrx_word' id='word_1_227' title='bbox 642 3221 731 3286; x_wconf 90' lang='lat' dir='ltr'>Nicia</span> <span class='ocrx_word' id='word_1_228' title='bbox 756 3220 858 3285; x_wconf 86' lang='lat' dir='ltr'>multa</span> <span class='ocrx_word' id='word_1_229' title='bbox 888 3219 926 3284; x_wconf 92' lang='lat' dir='ltr'>de</span> <span class='ocrx_word' id='word_1_230' title='bbox 947 3218 1112 3285; x_wconf 82' lang='lat' dir='ltr'>Alcibiade</span> <span class='ocrx_word' id='word_1_231' title='bbox 1140 3224 1212 3284; x_wconf 91' lang='lat' dir='ltr'>ante</span> 
     </span>
     <span class='ocr_line' id='line_1_30' title="bbox 180 3319 1211 3407; baseline 0 -23"><span class='ocrx_word' id='word_1_232' title='bbox 180 3321 281 3403; x_wconf 86' lang='lat' dir='ltr'>scribi,</span> <span class='ocrx_word' id='word_1_233' title='bbox 305 3342 386 3407; x_wconf 91' lang='lat' dir='ltr'>quae</span> <span class='ocrx_word' id='word_1_234' title='bbox 407 3323 508 3405; x_wconf 82' lang='lat' dir='ltr'>magis</span> <span class='ocrx_word' id='word_1_235' title='bbox 529 3322 569 3387; x_wconf 89' lang='lat' dir='ltr'>ad</span> <span class='ocrx_word' id='word_1_236' title='bbox 592 3322 788 3388; x_wconf 89' lang='lat' dir='ltr'>Alcibiadem</span> <span class='ocrx_word' id='word_1_237' title='bbox 810 3343 907 3407; x_wconf 90' lang='lat' dir='ltr'>quam</span> <span class='ocrx_word' id='word_1_238' title='bbox 921 3320 962 3386; x_wconf 90' lang='lat' dir='ltr'>ad</span> <span class='ocrx_word' id='word_1_239' title='bbox 976 3320 1099 3386; x_wconf 87' lang='lat' dir='ltr'>Niciam</span> <span class='ocrx_word' id='word_1_240' title='bbox 1119 3319 1211 3405; x_wconf 88' lang='lat' dir='ltr'>perti·</span> 
     </span>
     <span class='ocr_line' id='line_1_31' title="bbox 178 3421 1211 3509; baseline -0.002 -21"><span class='ocrx_word' id='word_1_241' title='bbox 178 3430 262 3488; x_wconf 90' lang='lat' dir='ltr'>nent.</span> <span class='ocrx_word' id='word_1_242' title='bbox 314 3423 414 3490; x_wconf 90' lang='lat' dir='ltr'>Alcib.</span> <span class='ocrx_word' id='word_1_243' title='bbox 443 3446 515 3491; x_wconf 87' lang='lat' dir='ltr'>vero</span> <span class='ocrx_word' id='word_1_244' title='bbox 543 3426 610 3490; x_wconf 87' lang='lat' dir='ltr'>vita</span> <span class='ocrx_word' id='word_1_245' title='bbox 635 3424 737 3490; x_wconf 89' lang='lat' dir='ltr'>multo</span> <span class='ocrx_word' id='word_1_246' title='bbox 763 3423 950 3509; x_wconf 89' lang='lat' dir='ltr'>postillam</span> <span class='ocrx_word' id='word_1_247' title='bbox 976 3423 1085 3489; x_wconf 88' lang='lat' dir='ltr'>Niciae</span> <span class='ocrx_word' id='word_1_248' title='bbox 1112 3421 1211 3486; x_wconf 84' lang='lat' dir='ltr'>vitam</span> 
     </span>
    </p>
   </div>
   <div class='ocr_carea' id='block_1_3' title="bbox 164 3626 1213 3956">
    <p class='ocr_par' dir='ltr' id='par_1_4' title="bbox 164 3626 1213 3956">
     <span class='ocr_line' id='line_1_32' title="bbox 164 3626 1211 3699; baseline -0.004 -16"><span class='ocrx_word' id='word_1_249' title='bbox 164 3645 168 3649; x_wconf 83' lang='grc'><strong>’</strong></span> <span class='ocrx_word' id='word_1_250' title='bbox 248 3628 275 3696; x_wconf 55' lang='grc' dir='ltr'>δ)</span> <span class='ocrx_word' id='word_1_251' title='bbox 293 3629 345 3683; x_wconf 79' lang='lat' dir='ltr'>Vix</span> <span class='ocrx_word' id='word_1_252' title='bbox 357 3629 399 3682; x_wconf 90' lang='lat' dir='ltr'>hic</span> <span class='ocrx_word' id='word_1_253' title='bbox 410 3629 495 3683; x_wconf 87' lang='lat' dir='ltr'>hiatus</span> <span class='ocrx_word' id='word_1_254' title='bbox 513 3630 545 3683; x_wconf 90' lang='lat' dir='ltr'>iis</span> <span class='ocrx_word' id='word_1_255' title='bbox 564 3633 709 3695; x_wconf 85' lang='lat' dir='ltr'>excusatur,</span> <span class='ocrx_word' id='word_1_256' title='bbox 728 3644 794 3699; x_wconf 78' lang='lat' dir='ltr'>quae</span> <span class='ocrx_word' id='word_1_257' title='bbox 813 3628 927 3682; x_wconf 87' lang='lat' dir='ltr'>Sintenis</span> <span class='ocrx_word' id='word_1_258' title='bbox 948 3627 990 3697; x_wconf 86' lang='lat' dir='ltr'>[de</span> <span class='ocrx_word' id='word_1_259' title='bbox 1007 3629 1080 3683; x_wconf 87' lang='lat' dir='ltr'>hiatu</span> <span class='ocrx_word' id='word_1_260' title='bbox 1097 3629 1124 3682; x_wconf 86' lang='lat' dir='ltr'>in</span> <span class='ocrx_word' id='word_1_261' title='bbox 1140 3626 1211 3681; x_wconf 84' lang='lat' dir='ltr'>Plut</span> 
     </span>
     <span class='ocr_line' id='line_1_33' title="bbox 178 3713 1213 3786; baseline -0.001 -20"><span class='ocrx_word' id='word_1_262' title='bbox 178 3715 238 3769; x_wconf 86' lang='lat' dir='ltr'>vitis</span> <span class='ocrx_word' id='word_1_263' title='bbox 263 3715 393 3784; x_wconf 76' lang='lat' dir='ltr'>parallelis</span> <span class='ocrx_word' id='word_1_264' title='bbox 411 3732 436 3784; x_wconf 90' lang='lat' dir='ltr'>p.</span> <span class='ocrx_word' id='word_1_265' title='bbox 455 3717 472 3771; x_wconf 85' lang='lat'>8</span> <span class='ocrx_word' id='word_1_266' title='bbox 491 3718 517 3768; x_wconf 91' lang='lat' dir='ltr'>et</span> <span class='ocrx_word' id='word_1_267' title='bbox 534 3714 560 3784; x_wconf 90' lang='lat'>9]</span> <span class='ocrx_word' id='word_1_268' title='bbox 579 3717 712 3786; x_wconf 72' lang='lat' dir='ltr'>exposuit3</span> <span class='ocrx_word' id='word_1_269' title='bbox 730 3731 790 3770; x_wconf 87' lang='lat' dir='ltr'>nam</span> <span class='ocrx_word' id='word_1_270' title='bbox 813 3715 935 3769; x_wconf 80' lang='lat' dir='ltr'>facillime</span> <span class='ocrx_word' id='word_1_271' title='bbox 960 3716 1050 3769; x_wconf 84' lang='lat' dir='ltr'>orituri</span> <span class='ocrx_word' id='word_1_272' title='bbox 1072 3713 1167 3783; x_wconf 85' lang='lat' dir='ltr'>potuit,</span> <span class='ocrx_word' id='word_1_273' title='bbox 1187 3715 1213 3766; x_wconf 87' lang='lat' dir='ltr'>et</span> 
     </span>
     <span class='ocr_line' id='line_1_34' title="bbox 179 3800 1213 3869; baseline -0.002 -17"><span class='ocrx_word' id='word_1_274' title='bbox 179 3800 202 3852; x_wconf 86' lang='lat' dir='ltr'>si</span> <span class='ocrx_word' id='word_1_275' title='bbox 213 3800 281 3853; x_wconf 90' lang='lat' dir='ltr'>idem</span> <span class='ocrx_word' id='word_1_276' title='bbox 294 3800 345 3854; x_wconf 87' lang='lat' dir='ltr'>elio</span> <span class='ocrx_word' id='word_1_277' title='bbox 357 3801 414 3854; x_wconf 90' lang='lat' dir='ltr'>loco</span> <span class='ocrx_word' id='word_1_278' title='bbox 433 3800 596 3855; x_wconf 83' lang='lat' dir='ltr'>excusandus</span> <span class='ocrx_word' id='word_1_279' title='bbox 609 3805 685 3863; x_wconf 88' lang='lat' dir='ltr'>esset,</span> <span class='ocrx_word' id='word_1_280' title='bbox 703 3802 753 3856; x_wconf 90' lang='lat' dir='ltr'>hoc</span> <span class='ocrx_word' id='word_1_281' title='bbox 770 3805 857 3854; x_wconf 87' lang='lat' dir='ltr'>tamen</span> <span class='ocrx_word' id='word_1_282' title='bbox 878 3801 934 3855; x_wconf 92' lang='lat' dir='ltr'>loco</span> <span class='ocrx_word' id='word_1_283' title='bbox 952 3816 1011 3855; x_wconf 91' lang='lat' dir='ltr'>cum</span> <span class='ocrx_word' id='word_1_284' title='bbox 1029 3802 1108 3854; x_wconf 83' lang='lat' dir='ltr'>rerba</span> <span class='ocrx_word' id='word_1_285' title='bbox 1124 3815 1172 3869; x_wconf 89' lang='lat' dir='ltr'>per</span> <span class='ocrx_word' id='word_1_286' title='bbox 1184 3814 1213 3851; x_wconf 93' lang='lat' dir='ltr'>se</span> 
     </span>
     <span class='ocr_line' id='line_1_35' title="bbox 179 3883 1213 3956; baseline 0.001 -19"><span class='ocrx_word' id='word_1_287' title='bbox 179 3889 301 3954; x_wconf 87' lang='lat' dir='ltr'>suspecte</span> <span class='ocrx_word' id='word_1_288' title='bbox 323 3886 388 3950; x_wconf 88' lang='lat' dir='ltr'>sint,</span> <span class='ocrx_word' id='word_1_289' title='bbox 412 3886 567 3940; x_wconf 83' lang='lat' dir='ltr'>auferendus</span> <span class='ocrx_word' id='word_1_290' title='bbox 592 3890 638 3940; x_wconf 88' lang='lat' dir='ltr'>est.</span> <span class='ocrx_word' id='word_1_291' title='bbox 670 3885 784 3941; x_wconf 83' lang='lat' dir='ltr'>Sintenis</span> <span class='ocrx_word' id='word_1_292' title='bbox 802 3888 880 3940; x_wconf 86' lang='lat' dir='ltr'>etiem</span> <span class='ocrx_word' id='word_1_293' title='bbox 903 3886 1022 3940; x_wconf 87' lang='lat' dir='ltr'>concedit</span> <span class='ocrx_word' id='word_1_294' title='bbox 1039 3883 1076 3955; x_wconf 91' lang='lat' dir='ltr'>[p.</span> <span class='ocrx_word' id='word_1_295' title='bbox 1094 3883 1149 3956; x_wconf 78' lang='lat'>101,</span> <span class='ocrx_word' id='word_1_296' title='bbox 1172 3883 1213 3938; x_wconf 82' lang='lat' dir='ltr'>vel</span> 
     </span>
    </p>
   </div>
   <div class='ocr_carea' id='block_1_4' title="bbox 148 3972 1212 4135">
    <p class='ocr_par' dir='ltr' id='par_1_5' title="bbox 148 3972 1212 4135">
     <span class='ocr_line' id='line_1_36' title="bbox 180 3972 1212 4044; baseline 0.003 -20"><span class='ocrx_word' id='word_1_297' title='bbox 180 3986 224 4025; x_wconf 87' lang='lat' dir='ltr'>cos</span> <span class='ocrx_word' id='word_1_298' title='bbox 242 3972 335 4037; x_wconf 78' lang='lat' dir='ltr'>hictus,</span> <span class='ocrx_word' id='word_1_299' title='bbox 355 3973 448 4040; x_wconf 86' lang='lat' dir='ltr'>quibus</span> <span class='ocrx_word' id='word_1_300' title='bbox 461 3974 651 4028; x_wconf 84' lang='lat' dir='ltr'>interecedente</span> <span class='ocrx_word' id='word_1_301' title='bbox 662 3975 867 4044; x_wconf 85' lang='lat' dir='ltr'>interpunctione</span> <span class='ocrx_word' id='word_1_302' title='bbox 885 3975 1018 4029; x_wconf 81' lang='lat' dir='ltr'>excusatio</span> <span class='ocrx_word' id='word_1_303' title='bbox 1037 3977 1114 4039; x_wconf 86' lang='lat' dir='ltr'>esset,</span> <span class='ocrx_word' id='word_1_304' title='bbox 1133 3972 1212 4041; x_wconf 88' lang='lat' dir='ltr'>scrip·</span> 
     </span>
     <span class='ocr_line' id='line_1_37' title="bbox 148 4058 540 4135; baseline 0.01 -27"><span class='ocrx_word' id='word_1_305' title='bbox 148 4131 150 4135; x_wconf 23' lang='grc' dir='ltr'>Ι</span> <span class='ocrx_word' id='word_1_306' title='bbox 179 4059 260 4110; x_wconf 86' lang='lat' dir='ltr'>torem</span> <span class='ocrx_word' id='word_1_307' title='bbox 279 4058 410 4113; x_wconf 85' lang='lat' dir='ltr'>studuisse</span> <span class='ocrx_word' id='word_1_308' title='bbox 428 4058 540 4113; x_wconf 65' lang='lat' dir='ltr'>evitare?</span> 
     </span>
    </p>
   </div>
   <div class='ocr_carea' id='block_1_5' title="bbox 0 0 1442 4482">
    <p class='ocr_par' dir='ltr' id='par_1_6' title="bbox 0 0 1442 4482">
     <span class='ocr_line' id='line_1_38' title="bbox 0 0 1442 4482; baseline 0 0"><span class='ocrx_word' id='word_1_309' title='bbox 0 0 1442 4482; x_wconf 95' lang='lat' dir='ltr'> </span> 
     </span>
    </p>
   </div>
  </div>
 </body>
</html>
