2866 4482
605 221 795 286 ,πά

186 394 221 457 in
249 393 421 459 Alexandri
447 393 513 458 vita
546 393 702 458 excidium
732 393 910 458 Thebarum
938 398 1005 478 cpto
1041 393 1082 457 13
1110 388 1217 455 addita

185 497 371 575 narratione,
400 517 460 580 quo
483 502 621 580 tempore
642 496 795 576 acciderit,
825 496 999 560 accuratius
1022 494 1215 559 describitur.

184 600 277 663 Hunc
305 598 401 680 igitur
428 603 499 683 post
525 598 693 663 Camillum
721 598 872 684 scriptum
900 620 974 678 csse,
1009 618 1131 661 necesse
1160 601 1215 660 cst.

184 703 317 786 Jamque
339 701 373 764 in
401 701 508 765 eodem
537 708 606 786 cpte
628 702 712 765 Cam.
737 701 804 785 [19]
827 701 973 784 legimus:
998 751 1005 765 .
1030 751 1037 765 .
1062 700 1217 782 ,Πέρσαι

184 802 288 889 μηνὸς
310 803 581 889 Βοηδρομιῶντος
604 841 644 850 -
667 805 802 889 πέμπτῃ
825 841 867 852 -
890 804 1071 886 φθίνοντος
1098 797 1133 867 ἐν
1153 797 1216 885 Ἀρ-

76 906 84 923 '
183 907 296 995 βήλοις
319 908 373 993 (sc.
391 904 606 993 ἡττήθησαν),
629 908 663 972 11
682 907 772 971 Alex.
790 930 861 973 vero
884 916 953 994 cpte
975 909 1012 972 31
1030 906 1111 971 Plut.
1129 906 1216 970 dicit:

184 1010 244 1100 τὴν
258 1011 404 1098 μεγάλην
425 1011 534 1098 μάχην
554 1008 636 1095 πρὸς
651 1018 790 1096 Δαρεῖον
813 1006 871 1075 οὐκ
894 1008 929 1076 ἐν
949 1006 1110 1097 Ἀρβήλοις
1131 1004 1216 1075 ἀλλὰ

182 1113 220 1181 ἐν
241 1111 471 1201 Γαυγαμήλοις
499 1115 654 1195 γενέσθαι
681 1115 849 1180 συνέπεσε.
893 1116 975 1179 Ante
1002 1113 1092 1178 Alex.
1122 1114 1216 1195 igitur

185 1221 318 1305 scriptus
351 1225 416 1284 erat
446 1218 609 1299 Camillus3
643 1239 717 1281 nam
751 1219 778 1281 si
811 1220 1042 1303 postponendus
1071 1219 1099 1282 ei
1127 1224 1214 1297 esset,

184 1344 247 1388 non
268 1321 371 1406 potuit
399 1321 436 1383 dc
465 1340 570 1403 pugna
597 1319 637 1382 ad
663 1319 787 1399 Arbela,
817 1320 871 1384 sed
897 1326 1021 1385 tantum
1050 1320 1088 1384 de
1109 1340 1216 1404 pugna

185 1425 225 1488 ad
247 1422 436 1505 Gaugamela
458 1422 568 1484 referre
585 1420 666 1485 Plut.
684 1440 745 1505 quo
766 1428 904 1507 tempere
927 1423 1092 1487 commissa
1112 1421 1214 1486 fuerit.

185 1526 300 1610 Operae
323 1546 385 1589 non
407 1521 542 1607 pretium
565 1528 620 1601 est,
643 1522 701 1587 hoc
728 1522 792 1587 loco
816 1522 971 1607 copiosius
994 1524 1214 1602 demonstrare,

184 1628 351 1692 Camillum
384 1632 454 1712 post
486 1625 681 1710 Lysandrum
715 1625 765 1709 [cf.
801 1626 884 1691 Cam.
916 1628 964 1692 19.
999 1628 1069 1711 Lys.
1103 1627 1155 1711 15]
1185 1633 1215 1691 et

184 1732 423 1797 Themistoclem
445 1737 515 1815 post
541 1729 712 1794 Aristidem
743 1731 926 1815 compositos
954 1752 1020 1794 esse
1043 1731 1093 1815 [cf.
1117 1730 1213 1796 Arist.

184 1839 212 1902 7.
236 1875 278 1884 -
300 1836 408 1901 Thcm.
433 1835 461 1898 3.
485 1835 582 1899 Arist.
606 1835 635 1898 2.
661 1871 701 1880 -
724 1834 819 1898 Arist.
847 1835 941 1899 3«-5.
966 1873 1006 1882 —-
1030 1836 1138 1899 Them.
1165 1837 1214 1900 11.

182 1941 280 2006 Arist.
304 1940 333 2005 8.
359 1977 397 1986 --
421 1939 529 2003 Them.
556 1938 604 2001 12.
629 1936 724 2001 Arist.
754 1937 783 2002 8.
809 1974 849 1986 -
872 1938 980 2002 Them.
1001 1939 1040 2021 73.
1064 1937 1159 2002 Arist.
1184 1939 1213 2002 9.

184 2082 221 2092 —
246 2045 354 2108 Thcm.
382 2044 429 2108 10.
451 2042 547 2106 Arist.
572 2042 602 2105 9.
626 2063 671 2124 sq.
692 2076 734 2086 —
756 2042 864 2105 Thcm.
888 2043 939 2106 20.
962 2042 1059 2106 Arist.
1083 2042 1135 2107 22.
1158 2042 1213 2127 -]

183 2149 266 2234 quod
291 2155 396 2212 tamen
424 2146 602 2211 certissimis
630 2146 821 2227 argumentis
848 2147 972 2231 probari
999 2149 1214 2232 1116110111-

183 2259 364 2318 sentaneum
386 2258 441 2329 est,
465 2256 538 2315 ante
552 2250 686 2314 Brutum
701 2256 731 2314 et
747 2250 878 2315 Dionem
894 2250 987 2315 scribi
1002 2271 1064 2315 non
1079 2250 1215 2334 potuisse

182 2356 238 2419 has
261 2355 350 2419 vitas.
396 2353 457 2418 Sed
478 2352 537 2415 hoc
559 2351 778 2436 quaerendum,
808 2358 916 2416 utrum
938 2352 1132 2430 Timoleonti,
1154 2350 1213 2413 Ae·

181 2457 279 2536 milio,
313 2454 545 2539 Philopoemeni
579 2454 711 2538 Titoque
745 2453 968 2518 Themistocles
1002 2460 1033 2518 et
1066 2452 1107 2516 Ca
1142 2451 1214 2516 'llus

182 2557 401 2643 praemittendi
424 2577 465 2619 an
480 2555 685 2640 postponendi
708 2577 749 2619 an
769 2555 902 2637 denique
924 2554 1120 2620 intericiendi
1142 2554 1214 2618 sint.

181 2664 286 2747 Atque
308 2683 379 2725 cum
401 2661 648 2724 demonstratum
671 2660 720 2740 sit,
744 2660 970 2724 Timoleontem
993 2665 1023 2723 et
1044 2659 1216 2724 Aemilium

182 2786 245 2830 non
266 2765 311 2828 ita
325 2763 424 2828 multo
447 2767 517 2846 post
536 2760 686 2825 Periclem
709 2767 739 2826 61
754 2761 887 2827 Fabium
911 2762 1008 2826 editos
1032 2782 1107 2842 esse,
1132 2783 1216 2825 cum-

183 2890 243 2953 quc
266 2868 339 2934 ordo
363 2866 476 2930 eradat
498 2865 649 2945 16161111,
679 2866 706 2931 si
727 2865 877 2929 Periclem
900 2872 929 2930 61
957 2866 1089 2930 Fabium
1111 2865 1217 2929 Nicias

183 2979 213 3036 et
236 2973 372 3050 Crassus,
397 2969 453 3034 hos
475 2989 547 3033 vero
562 2968 621 3032 Dio
644 2975 675 3033 ct
696 2968 812 3033 Brutus
835 2967 978 3054 deinceps
1001 2968 1162 3034 Timoleon
1186 2975 1216 3033 et

181 3072 345 3150 Aemilius,
368 3070 589 3155 Philopoemen
613 3068 746 3154 denique
769 3076 799 3134 ct
821 3069 912 3134 Titus
941 3077 1137 3155 exceperunt,
1161 3069 1215 3154 qui

182 3175 255 3238 ordo
278 3172 490 3251 conturbatur,
514 3172 541 3235 si
564 3171 733 3235 intercedat
755 3170 836 3238 inter
858 3171 915 3235 hos
938 3172 1162 3238 Themistocles
1186 3179 1216 3237 et

182 3275 341 3355 Camillus,
376 3274 432 3338 hos
460 3273 530 3338 Tito
566 3281 595 3338 et
627 3273 859 3358 Philopoemeni
892 3275 1120 3360 postponendos
1148 3296 1215 3339 esse

181 3380 400 3446 contenderim.
452 3378 558 3447 Fuerit
592 3377 687 3460 igitur
721 3377 794 3441 ordo
829 3398 936 3442 earum
968 3379 1107 3444 vitarum
1136 3401 1214 3465 quas

180 3485 332 3548 habemus
354 3483 391 3562 is,
421 3503 513 3566 quem
542 3485 641 3566 supra]
663 3481 891 3562 constituimus
922 3492 1069 3568 sequatur
1090 3484 1214 3548 Themi-

181 3584 291 3650 stocles
314 3585 421 3648 Titum
442 3589 474 3647 et
488 3583 769 3667 Philopoemenem,
794 3585 955 3675 antecedat
970 3606 1041 3650 vero
1065 3585 1213 3650 Camillus

180 3686 393 3752 Alexandrum
423 3693 453 3750 61
476 3684 645 3763 Caesarem,
670 3685 784 3769 quibus
807 3685 972 3768 Agesilaus
995 3694 1026 3751 et
1047 3686 1214 3770 Pompeius

181 3785 389 3869 subiungendi
412 3792 494 3851 sunt.
534 3786 676 3850 Fortasse
699 3787 725 3849 si
748 3809 828 3873 quae
851 3789 1032 3851 exciderunt
1046 3787 1138 3867 vitae,
1163 3809 1214 3851 ex-

181 3891 311 3953 ciderint
333 3889 413 3952 inter
436 3886 602 3950 Camillum
626 3893 656 3950 et
677 3888 901 3967 Alexandrum,
926 3897 981 3954 aut
1003 3890 1085 3956 inter
1106 3890 1213 3954 Titum

181 4002 211 4058 61
233 3990 487 4070 Themistoclem,
517 4012 589 4052 nam
611 3990 660 4053 his
683 3991 759 4055 locis
787 3992 860 4055 ordo
888 3992 995 4056 nullus
1018 3995 1211 4079 conspicuus.
