<?xml version="1.0" encoding="UTF-8"?>
<!DOCTYPE html PUBLIC "-//W3C//DTD XHTML 1.0 Transitional//EN"
    "http://www.w3.org/TR/xhtml1/DTD/xhtml1-transitional.dtd">
<html xmlns="http://www.w3.org/1999/xhtml" xml:lang="en" lang="en">
 <head>
  <title>
</title>
<meta http-equiv="Content-Type" content="text/html;charset=utf-8" />
  <meta name='ocr-system' content='tesseract 3.04.00' />
  <meta name='ocr-capabilities' content='ocr_page ocr_carea ocr_par ocr_line ocrx_word'/>
</head>
<body>
  <div class='ocr_page' id='page_1' title='image "./deordinevitarum00michgoog_0023.png"; bbox 0 0 2866 4482; ppageno 0'>
   <div class='ocr_carea' id='block_1_1' title="bbox 592 253 794 317">
    <p class='ocr_par' dir='ltr' id='par_1_1' title="bbox 592 253 794 317">
     <span class='ocr_line' id='line_1_1' title="bbox 592 253 794 317; baseline -0.015 -15"><span class='ocrx_word' id='word_1_1' title='bbox 592 253 794 317; x_wconf 75' lang='grc'>...14-</span> 
     </span>
    </p>
   </div>
   <div class='ocr_carea' id='block_1_2' title="bbox 170 422 1211 4117">
    <p class='ocr_par' dir='ltr' id='par_1_2' title="bbox 170 422 1211 4117">
     <span class='ocr_line' id='line_1_2' title="bbox 173 422 1207 511; baseline -0.004 -22"><span class='ocrx_word' id='word_1_2' title='bbox 173 426 275 492; x_wconf 89' lang='lat' dir='ltr'>simile</span> <span class='ocrx_word' id='word_1_3' title='bbox 297 434 355 511; x_wconf 81' lang='lat' dir='ltr'>est3</span> <span class='ocrx_word' id='word_1_4' title='bbox 378 448 453 490; x_wconf 90' lang='lat' dir='ltr'>nam</span> <span class='ocrx_word' id='word_1_5' title='bbox 475 426 563 490; x_wconf 88' lang='lat' dir='ltr'>nulla</span> <span class='ocrx_word' id='word_1_6' title='bbox 584 431 632 490; x_wconf 87' lang='lat' dir='ltr'>cst</span> <span class='ocrx_word' id='word_1_7' title='bbox 653 425 764 490; x_wconf 90' lang='lat' dir='ltr'>idonea</span> <span class='ocrx_word' id='word_1_8' title='bbox 786 444 888 503; x_wconf 87' lang='lat' dir='ltr'>causa,</span> <span class='ocrx_word' id='word_1_9' title='bbox 913 444 967 488; x_wconf 89' lang='lat' dir='ltr'>cur</span> <span class='ocrx_word' id='word_1_10' title='bbox 989 423 1134 509; x_wconf 78' lang='lat' dir='ltr'>quisqam</span> <span class='ocrx_word' id='word_1_11' title='bbox 1149 422 1207 487; x_wconf 87' lang='lat' dir='ltr'>tali</span> 
     </span>
     <span class='ocr_line' id='line_1_3' title="bbox 172 526 1207 612; baseline -0.007 -15"><span class='ocrx_word' id='word_1_12' title='bbox 172 530 264 597; x_wconf 91' lang='lat' dir='ltr'>modo</span> <span class='ocrx_word' id='word_1_13' title='bbox 286 530 490 596; x_wconf 78' lang='lat' dir='ltr'>Plutarchum</span> <span class='ocrx_word' id='word_1_14' title='bbox 516 536 639 593; x_wconf 86' lang='lat' dir='ltr'>mutare</span> <span class='ocrx_word' id='word_1_15' title='bbox 667 528 866 612; x_wconf 60' lang='lat' dir='ltr'>suscepissem</span> <span class='ocrx_word' id='word_1_16' title='bbox 894 548 994 611; x_wconf 89' lang='lat' dir='ltr'>noque</span> <span class='ocrx_word' id='word_1_17' title='bbox 1023 526 1089 591; x_wconf 88' lang='lat' dir='ltr'>ullo</span> <span class='ocrx_word' id='word_1_18' title='bbox 1116 526 1207 591; x_wconf 91' lang='lat' dir='ltr'>modo</span> 
     </span>
     <span class='ocr_line' id='line_1_4' title="bbox 173 629 1210 718; baseline -0.007 -20"><span class='ocrx_word' id='word_1_19' title='bbox 173 632 378 698; x_wconf 84' lang='lat' dir='ltr'>demonstrari</span> <span class='ocrx_word' id='word_1_20' title='bbox 400 637 510 718; x_wconf 91' lang='lat' dir='ltr'>potest.</span> <span class='ocrx_word' id='word_1_21' title='bbox 548 631 660 715; x_wconf 86' lang='lat' dir='ltr'>Itaque</span> <span class='ocrx_word' id='word_1_22' title='bbox 682 630 828 715; x_wconf 79' lang='lat' dir='ltr'>equidem</span> <span class='ocrx_word' id='word_1_23' title='bbox 851 629 1053 695; x_wconf 88' lang='lat' dir='ltr'>aPlutarcho</span> <span class='ocrx_word' id='word_1_24' title='bbox 1075 629 1210 714; x_wconf 88' lang='lat' dir='ltr'>profecta</span> 
     </span>
     <span class='ocr_line' id='line_1_5' title="bbox 173 713 1211 812; baseline -0.005 -14"><span class='ocrx_word' id='word_1_25' title='bbox 173 733 384 800; x_wconf 78' lang='lat' dir='ltr'>contenderim</span> <span class='ocrx_word' id='word_1_26' title='bbox 406 732 497 798; x_wconf 74' lang='lat' dir='ltr'>haccz</span> <span class='ocrx_word' id='word_1_27' title='bbox 519 732 557 796; x_wconf 92' lang='lat' dir='ltr'>In</span> <span class='ocrx_word' id='word_1_28' title='bbox 571 732 638 797; x_wconf 89' lang='lat' dir='ltr'>vita</span> <span class='ocrx_word' id='word_1_29' title='bbox 653 732 720 796; x_wconf 88' lang='lat' dir='ltr'>Per.</span> <span class='ocrx_word' id='word_1_30' title='bbox 739 732 780 796; x_wconf 68' lang='lat'>‘22</span> <span class='ocrx_word' id='word_1_31' title='bbox 802 734 904 796; x_wconf 83' lang='grc' dir='ltr'><strong><em>ταῦτα</em></strong></span> <span class='ocrx_word' id='word_1_32' title='bbox 926 727 988 812; x_wconf 80' lang='grc' dir='ltr'>μὲν</span> <span class='ocrx_word' id='word_1_33' title='bbox 1011 713 1071 796; x_wconf 74' lang='grc' dir='ltr'>οὖν</span> <span class='ocrx_word' id='word_1_34' title='bbox 1087 727 1123 796; x_wconf 83' lang='grc' dir='ltr'>ἐν</span> <span class='ocrx_word' id='word_1_35' title='bbox 1144 736 1211 804; x_wconf 84' lang='grc' dir='ltr'><strong><em>τοῖς</em></strong></span> 
     </span>
     <span class='ocr_line' id='line_1_6' title="bbox 178 831 1208 924; baseline -0.002 -23"><span class='ocrx_word' id='word_1_36' title='bbox 178 838 253 922; x_wconf 85' lang='grc' dir='ltr'><strong><em>περὶ</em></strong></span> <span class='ocrx_word' id='word_1_37' title='bbox 267 834 463 920; x_wconf 78' lang='grc' dir='ltr'><em>Λυσάνδρου</em></span> <span class='ocrx_word' id='word_1_38' title='bbox 486 834 729 924; x_wconf 76' lang='grc' dir='ltr'><strong><em>δεδήλαῐκαμεν;</em></strong></span> <span class='ocrx_word' id='word_1_39' title='bbox 751 836 785 899; x_wconf 90' lang='lat' dir='ltr'>in</span> <span class='ocrx_word' id='word_1_40' title='bbox 808 836 874 900; x_wconf 89' lang='lat' dir='ltr'>vita</span> <span class='ocrx_word' id='word_1_41' title='bbox 890 836 955 902; x_wconf 87' lang='lat' dir='ltr'>Cor.</span> <span class='ocrx_word' id='word_1_42' title='bbox 972 836 1014 900; x_wconf 85' lang='lat'>33</span> <span class='ocrx_word' id='word_1_43' title='bbox 1038 831 1208 899; x_wconf 77' lang='grc' dir='ltr'><strong><em>Ποπλικό-</em></strong></span> 
     </span>
     <span class='ocr_line' id='line_1_7' title="bbox 171 922 1208 1025; baseline -0.007 -21"><span class='ocrx_word' id='word_1_44' title='bbox 171 939 230 1014; x_wconf 78' lang='grc' dir='ltr'>λας</span> <span class='ocrx_word' id='word_1_45' title='bbox 264 935 327 1022; x_wconf 78' lang='grc' dir='ltr'>μὲν</span> <span class='ocrx_word' id='word_1_46' title='bbox 366 922 426 1005; x_wconf 73' lang='grc' dir='ltr'>οὖν</span> <span class='ocrx_word' id='word_1_47' title='bbox 464 935 636 1025; x_wconf 72' lang='grc' dir='ltr'><strong><em>ἐτεθνήκει</em></strong></span> <span class='ocrx_word' id='word_1_48' title='bbox 670 936 847 1022; x_wconf 75' lang='grc' dir='ltr'><strong><em>πρότερον,</em></strong></span> <span class='ocrx_word' id='word_1_49' title='bbox 878 932 920 1012; x_wconf 73' lang='grc' dir='ltr'>ὥς</span> <span class='ocrx_word' id='word_1_50' title='bbox 959 934 993 1002; x_wconf 80' lang='grc' dir='ltr'>ἐν</span> <span class='ocrx_word' id='word_1_51' title='bbox 1032 945 1099 1012; x_wconf 85' lang='grc' dir='ltr'><strong><em>τοῖς</em></strong></span> <span class='ocrx_word' id='word_1_52' title='bbox 1131 933 1208 1021; x_wconf 82' lang='grc' dir='ltr'><strong><em>περὶ</em></strong></span> 
     </span>
     <span class='ocr_line' id='line_1_8' title="bbox 174 1040 1210 1129; baseline -0.005 -20"><span class='ocrx_word' id='word_1_53' title='bbox 174 1041 299 1110; x_wconf 77' lang='grc' dir='ltr'><strong><em>ἐκείνου</em></strong></span> <span class='ocrx_word' id='word_1_54' title='bbox 328 1045 558 1129; x_wconf 75' lang='grc' dir='ltr'><em>γεγραμμένοις</em></span> <span class='ocrx_word' id='word_1_55' title='bbox 587 1040 819 1129; x_wconf 81' lang='grc' dir='ltr'><strong><em>ἱστορήκαμεν,</em></strong></span> <span class='ocrx_word' id='word_1_56' title='bbox 856 1043 941 1106; x_wconf 81' lang='lat' dir='ltr'>Caes,</span> <span class='ocrx_word' id='word_1_57' title='bbox 970 1043 1011 1106; x_wconf 82' lang='grc'>62</span> <span class='ocrx_word' id='word_1_58' title='bbox 1041 1042 1079 1105; x_wconf 83' lang='grc' dir='ltr'>δι’</span> <span class='ocrx_word' id='word_1_59' title='bbox 1108 1041 1210 1115; x_wconf 79' lang='grc' dir='ltr'><strong><em>αἰτίας</em></strong></span> 
     </span>
     <span class='ocr_line' id='line_1_9' title="bbox 170 1144 1208 1233; baseline -0.007 -17"><span class='ocrx_word' id='word_1_60' title='bbox 170 1145 209 1224; x_wconf 68' lang='grc' dir='ltr'>ἃς</span> <span class='ocrx_word' id='word_1_61' title='bbox 227 1144 262 1217; x_wconf 78' lang='grc' dir='ltr'>ἒν</span> <span class='ocrx_word' id='word_1_62' title='bbox 277 1154 346 1222; x_wconf 82' lang='grc' dir='ltr'><strong><em>τοῖς</em></strong></span> <span class='ocrx_word' id='word_1_63' title='bbox 361 1145 438 1233; x_wconf 81' lang='grc' dir='ltr'><strong><em>περὶ</em></strong></span> <span class='ocrx_word' id='word_1_64' title='bbox 454 1144 606 1231; x_wconf 79' lang='grc' dir='ltr'><em>Βρούτου</em></span> <span class='ocrx_word' id='word_1_65' title='bbox 629 1149 859 1232; x_wconf 81' lang='grc' dir='ltr'><strong><em>γεγραμμένοις</em></strong></span> <span class='ocrx_word' id='word_1_66' title='bbox 875 1146 1105 1233; x_wconf 80' lang='grc' dir='ltr'><strong><em>δεδηλώκαμεν</em></strong></span> <span class='ocrx_word' id='word_1_67' title='bbox 1111 1171 1122 1225; x_wconf 90' lang='grc'>,·</span> <span class='ocrx_word' id='word_1_68' title='bbox 1143 1147 1208 1210; x_wconf 82' lang='lat' dir='ltr'>An·</span> 
     </span>
     <span class='ocr_line' id='line_1_10' title="bbox 172 1238 1208 1339; baseline -0.006 -18"><span class='ocrx_word' id='word_1_69' title='bbox 172 1263 236 1321; x_wconf 89' lang='lat' dir='ltr'>ton.</span> <span class='ocrx_word' id='word_1_70' title='bbox 253 1255 295 1318; x_wconf 84' lang='grc'>69</span> <span class='ocrx_word' id='word_1_71' title='bbox 311 1250 388 1336; x_wconf 80' lang='grc' dir='ltr'><strong><em>περὶ</em></strong></span> <span class='ocrx_word' id='word_1_72' title='bbox 411 1238 452 1317; x_wconf 77' lang='grc' dir='ltr'>οὗ</span> <span class='ocrx_word' id='word_1_73' title='bbox 474 1248 514 1316; x_wconf 84' lang='grc' dir='ltr'>δι’</span> <span class='ocrx_word' id='word_1_74' title='bbox 529 1252 646 1337; x_wconf 80' lang='grc' dir='ltr'><strong><em>ἑτέρων</em></strong></span> <span class='ocrx_word' id='word_1_75' title='bbox 667 1250 876 1337; x_wconf 78' lang='grc' dir='ltr'><strong><em>γεγράφαμεν</em></strong></span> <span class='ocrx_word' id='word_1_76' title='bbox 892 1251 967 1339; x_wconf 85' lang='lat' dir='ltr'>(quo</span> <span class='ocrx_word' id='word_1_77' title='bbox 983 1253 1049 1319; x_wconf 91' lang='lat' dir='ltr'>loco</span> <span class='ocrx_word' id='word_1_78' title='bbox 1064 1253 1104 1316; x_wconf 92' lang='lat' dir='ltr'>ad</span> <span class='ocrx_word' id='word_1_79' title='bbox 1119 1251 1208 1315; x_wconf 88' lang='lat' dir='ltr'>Bruti</span> 
     </span>
     <span class='ocr_line' id='line_1_11' title="bbox 174 1354 1209 1443; baseline -0.004 -21"><span class='ocrx_word' id='word_1_80' title='bbox 174 1364 225 1443; x_wconf 88' lang='lat' dir='ltr'>opt</span> <span class='ocrx_word' id='word_1_81' title='bbox 258 1357 300 1422; x_wconf 82' lang='lat'>50</span> <span class='ocrx_word' id='word_1_82' title='bbox 333 1355 468 1441; x_wconf 75' lang='lat' dir='ltr'>respexit</span> <span class='ocrx_word' id='word_1_83' title='bbox 506 1354 612 1437; x_wconf 88' lang='lat' dir='ltr'>Plut.).</span> <span class='ocrx_word' id='word_1_84' title='bbox 658 1354 779 1419; x_wconf 88' lang='lat' dir='ltr'>Deinde</span> <span class='ocrx_word' id='word_1_85' title='bbox 812 1376 883 1420; x_wconf 88' lang='lat' dir='ltr'>vero</span> <span class='ocrx_word' id='word_1_86' title='bbox 922 1376 986 1420; x_wconf 92' lang='lat' dir='ltr'>non</span> <span class='ocrx_word' id='word_1_87' title='bbox 1019 1356 1119 1438; x_wconf 85' lang='lat' dir='ltr'>magis</span> <span class='ocrx_word' id='word_1_88' title='bbox 1153 1378 1209 1440; x_wconf 89' lang='lat' dir='ltr'>pu-</span> 
     </span>
     <span class='ocr_line' id='line_1_12' title="bbox 173 1455 1206 1542; baseline -0.004 -18"><span class='ocrx_word' id='word_1_89' title='bbox 173 1459 305 1525; x_wconf 87' lang='lat' dir='ltr'>tandum</span> <span class='ocrx_word' id='word_1_90' title='bbox 328 1464 389 1538; x_wconf 86' lang='lat' dir='ltr'>est,</span> <span class='ocrx_word' id='word_1_91' title='bbox 418 1457 489 1522; x_wconf 89' lang='lat' dir='ltr'>illos</span> <span class='ocrx_word' id='word_1_92' title='bbox 512 1457 654 1522; x_wconf 89' lang='lat' dir='ltr'>homines</span> <span class='ocrx_word' id='word_1_93' title='bbox 677 1457 732 1542; x_wconf 93' lang='lat' dir='ltr'>qui</span> <span class='ocrx_word' id='word_1_94' title='bbox 753 1456 836 1520; x_wconf 88' lang='lat' dir='ltr'>Plut.</span> <span class='ocrx_word' id='word_1_95' title='bbox 862 1455 1006 1539; x_wconf 81' lang='lat' dir='ltr'>legerent</span> <span class='ocrx_word' id='word_1_96' title='bbox 1019 1457 1206 1542; x_wconf 80' lang='lat' dir='ltr'>ascripsisse,</span> 
     </span>
     <span class='ocr_line' id='line_1_13' title="bbox 173 1558 1208 1644; baseline 0 -20"><span class='ocrx_word' id='word_1_97' title='bbox 173 1581 246 1625; x_wconf 87' lang='lat' dir='ltr'>cum</span> <span class='ocrx_word' id='word_1_98' title='bbox 267 1559 381 1625; x_wconf 93' lang='lat' dir='ltr'>hocin</span> <span class='ocrx_word' id='word_1_99' title='bbox 403 1559 466 1622; x_wconf 86' lang='lat' dir='ltr'>alia</span> <span class='ocrx_word' id='word_1_100' title='bbox 488 1559 554 1624; x_wconf 86' lang='lat' dir='ltr'>vita</span> <span class='ocrx_word' id='word_1_101' title='bbox 581 1558 795 1644; x_wconf 82' lang='lat' dir='ltr'>expositurum</span> <span class='ocrx_word' id='word_1_102' title='bbox 822 1578 901 1638; x_wconf 87' lang='lat' dir='ltr'>csse,</span> <span class='ocrx_word' id='word_1_103' title='bbox 933 1558 1017 1643; x_wconf 93' lang='lat' dir='ltr'>quod</span> <span class='ocrx_word' id='word_1_104' title='bbox 1044 1558 1107 1621; x_wconf 90' lang='lat' dir='ltr'>nisi</span> <span class='ocrx_word' id='word_1_105' title='bbox 1136 1565 1208 1624; x_wconf 89' lang='lat' dir='ltr'>ante</span> 
     </span>
     <span class='ocr_line' id='line_1_14' title="bbox 174 1661 1207 1748; baseline -0.001 -20"><span class='ocrx_word' id='word_1_106' title='bbox 174 1685 244 1728; x_wconf 84' lang='lat' dir='ltr'>cam</span> <span class='ocrx_word' id='word_1_107' title='bbox 272 1664 423 1745; x_wconf 83' lang='lat' dir='ltr'>legerent,</span> <span class='ocrx_word' id='word_1_108' title='bbox 452 1662 644 1743; x_wconf 83' lang='lat' dir='ltr'>nesciebant3</span> <span class='ocrx_word' id='word_1_109' title='bbox 673 1663 700 1724; x_wconf 90' lang='lat' dir='ltr'>si</span> <span class='ocrx_word' id='word_1_110' title='bbox 727 1661 878 1744; x_wconf 86' lang='lat' dir='ltr'>legerant,</span> <span class='ocrx_word' id='word_1_111' title='bbox 909 1661 1009 1726; x_wconf 87' lang='lat' dir='ltr'>dicero</span> <span class='ocrx_word' id='word_1_112' title='bbox 1035 1683 1097 1728; x_wconf 91' lang='lat' dir='ltr'>non</span> <span class='ocrx_word' id='word_1_113' title='bbox 1118 1668 1207 1748; x_wconf 91' lang='lat' dir='ltr'>potu·</span> 
     </span>
     <span class='ocr_line' id='line_1_15' title="bbox 176 1766 1208 1852; baseline -0.003 -20"><span class='ocrx_word' id='word_1_114' title='bbox 176 1775 276 1849; x_wconf 88' lang='lat' dir='ltr'>crunt,</span> <span class='ocrx_word' id='word_1_115' title='bbox 300 1767 382 1832; x_wconf 90' lang='lat' dir='ltr'>Plut.</span> <span class='ocrx_word' id='word_1_116' title='bbox 399 1773 506 1852; x_wconf 85' lang='lat' dir='ltr'>postea</span> <span class='ocrx_word' id='word_1_117' title='bbox 528 1767 567 1830; x_wconf 91' lang='lat' dir='ltr'>de</span> <span class='ocrx_word' id='word_1_118' title='bbox 589 1766 648 1830; x_wconf 90' lang='lat' dir='ltr'>hac</span> <span class='ocrx_word' id='word_1_119' title='bbox 670 1787 703 1830; x_wconf 88' lang='lat' dir='ltr'>rc</span> <span class='ocrx_word' id='word_1_120' title='bbox 725 1772 868 1832; x_wconf 88' lang='lat' dir='ltr'>acturum</span> <span class='ocrx_word' id='word_1_121' title='bbox 891 1787 965 1829; x_wconf 88' lang='lat' dir='ltr'>esse.</span> <span class='ocrx_word' id='word_1_122' title='bbox 1004 1766 1113 1850; x_wconf 86' lang='lat' dir='ltr'>Itaque</span> <span class='ocrx_word' id='word_1_123' title='bbox 1136 1787 1208 1830; x_wconf 92' lang='lat' dir='ltr'>cum</span> 
     </span>
     <span class='ocr_line' id='line_1_16' title="bbox 174 1858 1208 1953; baseline 0.002 -21"><span class='ocrx_word' id='word_1_124' title='bbox 174 1869 209 1933; x_wconf 92' lang='lat' dir='ltr'>in</span> <span class='ocrx_word' id='word_1_125' title='bbox 228 1870 306 1933; x_wconf 84' lang='lat' dir='ltr'>Mar.</span> <span class='ocrx_word' id='word_1_126' title='bbox 333 1869 375 1933; x_wconf 80' lang='lat'>29</span> <span class='ocrx_word' id='word_1_127' title='bbox 398 1868 538 1950; x_wconf 84' lang='lat' dir='ltr'>legamus</span> <span class='ocrx_word' id='word_1_128' title='bbox 562 1862 602 1933; x_wconf 78' lang='grc' dir='ltr'>ὃν</span> <span class='ocrx_word' id='word_1_129' title='bbox 622 1862 657 1931; x_wconf 78' lang='grc' dir='ltr'>δὲ</span> <span class='ocrx_word' id='word_1_130' title='bbox 680 1865 805 1953; x_wconf 81' lang='grc' dir='ltr'><strong><em>τρόπον</em></strong></span> <span class='ocrx_word' id='word_1_131' title='bbox 828 1863 864 1934; x_wconf 79' lang='grc' dir='ltr'>ἕν</span> <span class='ocrx_word' id='word_1_132' title='bbox 883 1865 991 1953; x_wconf 81' lang='grc' dir='ltr'><em>Ῥόδῳ</em></span> <span class='ocrx_word' id='word_1_133' title='bbox 1013 1858 1208 1952; x_wconf 67' lang='grc' dir='ltr'><strong><em>φιλοσοφῶν</em></strong></span> 
     </span>
     <span class='ocr_line' id='line_1_17' title="bbox 174 1967 1209 2058; baseline 0.001 -23"><span class='ocrx_word' id='word_1_134' title='bbox 174 1968 313 2058; x_wconf 69' lang='grc' dir='ltr'><strong><em>διῃτήθη</em></strong></span> <span class='ocrx_word' id='word_1_135' title='bbox 356 1968 487 2055; x_wconf 72' lang='grc' dir='ltr'><strong><em>βέλτιον</em></strong></span> <span class='ocrx_word' id='word_1_136' title='bbox 531 1967 566 2037; x_wconf 76' lang='grc' dir='ltr'>ἐν</span> <span class='ocrx_word' id='word_1_137' title='bbox 605 1977 672 2045; x_wconf 87' lang='grc' dir='ltr'><strong><em>τοῖς</em></strong></span> <span class='ocrx_word' id='word_1_138' title='bbox 710 1968 788 2054; x_wconf 82' lang='grc' dir='ltr'><strong><em>περὶ</em></strong></span> <span class='ocrx_word' id='word_1_139' title='bbox 826 1967 953 2037; x_wconf 77' lang='grc' dir='ltr'><strong><em>ἐκείνου</em></strong></span> <span class='ocrx_word' id='word_1_140' title='bbox 992 1973 1209 2057; x_wconf 75' lang='grc' dir='ltr'><strong><em>γραφομένοις</em></strong></span> 
     </span>
     <span class='ocr_line' id='line_1_18' title="bbox 173 2071 1209 2160; baseline 0 -21"><span class='ocrx_word' id='word_1_141' title='bbox 173 2071 334 2160; x_wconf 77' lang='grc' dir='ltr'><strong><em>εἰρήσεται</em></strong></span> <span class='ocrx_word' id='word_1_142' title='bbox 357 2093 419 2157; x_wconf 93' lang='lat' dir='ltr'>quo</span> <span class='ocrx_word' id='word_1_143' title='bbox 442 2072 506 2138; x_wconf 91' lang='lat' dir='ltr'>loco</span> <span class='ocrx_word' id='word_1_144' title='bbox 529 2072 647 2137; x_wconf 86' lang='lat' dir='ltr'>Metelli</span> <span class='ocrx_word' id='word_1_145' title='bbox 676 2072 775 2138; x_wconf 87' lang='lat' dir='ltr'>vitam</span> <span class='ocrx_word' id='word_1_146' title='bbox 803 2094 836 2136; x_wconf 87' lang='lat' dir='ltr'>so</span> <span class='ocrx_word' id='word_1_147' title='bbox 865 2074 1112 2160; x_wconf 85' lang='lat' dir='ltr'>conscripturum</span> <span class='ocrx_word' id='word_1_148' title='bbox 1143 2096 1209 2139; x_wconf 87' lang='lat' dir='ltr'>esse</span> 
     </span>
     <span class='ocr_line' id='line_1_19' title="bbox 171 2171 1202 2262; baseline 0.002 -23"><span class='ocrx_word' id='word_1_149' title='bbox 171 2175 334 2261; x_wconf 85' lang='lat' dir='ltr'>promittit,</span> <span class='ocrx_word' id='word_1_150' title='bbox 358 2174 443 2239; x_wconf 89' lang='lat' dir='ltr'>etin</span> <span class='ocrx_word' id='word_1_151' title='bbox 466 2174 550 2238; x_wconf 79' lang='lat' dir='ltr'>Caes.</span> <span class='ocrx_word' id='word_1_152' title='bbox 574 2174 617 2239; x_wconf 78' lang='lat'>35</span> <span class='ocrx_word' id='word_1_153' title='bbox 645 2174 687 2247; x_wconf 79' lang='grc' dir='ltr'>ὥς</span> <span class='ocrx_word' id='word_1_154' title='bbox 715 2171 750 2238; x_wconf 81' lang='grc' dir='ltr'>ἐν</span> <span class='ocrx_word' id='word_1_155' title='bbox 777 2181 844 2248; x_wconf 83' lang='grc' dir='ltr'><strong><em>τοῖς</em></strong></span> <span class='ocrx_word' id='word_1_156' title='bbox 870 2172 947 2259; x_wconf 83' lang='grc' dir='ltr'><strong><em>περὶ</em></strong></span> <span class='ocrx_word' id='word_1_157' title='bbox 974 2173 1099 2243; x_wconf 78' lang='grc' dir='ltr'><strong><em>ἐκείνου</em></strong></span> <span class='ocrx_word' id='word_1_158' title='bbox 1126 2199 1202 2262; x_wconf 91' lang='grc' dir='ltr'><strong><em>γρα-</em></strong></span> 
     </span>
     <span class='ocr_line' id='line_1_20' title="bbox 175 2272 1207 2367; baseline 0.003 -24"><span class='ocrx_word' id='word_1_159' title='bbox 175 2281 373 2367; x_wconf 76' lang='grc' dir='ltr'><strong><em>φησομένοις</em></strong></span> <span class='ocrx_word' id='word_1_160' title='bbox 401 2274 440 2342; x_wconf 85' lang='grc' dir='ltr'>τὰ</span> <span class='ocrx_word' id='word_1_161' title='bbox 468 2272 546 2342; x_wconf 66' lang='grc' dir='ltr'>καθ’</span> <span class='ocrx_word' id='word_1_162' title='bbox 575 2275 691 2342; x_wconf 77' lang='grc' dir='ltr'><strong><em>ἕκαστα</em></strong></span> <span class='ocrx_word' id='word_1_163' title='bbox 720 2275 963 2363; x_wconf 76' lang='grc' dir='ltr'><strong><em>δηλωθήσεται,</em></strong></span> <span class='ocrx_word' id='word_1_164' title='bbox 992 2281 1048 2346; x_wconf 92' lang='lat' dir='ltr'>ubi</span> <span class='ocrx_word' id='word_1_165' title='bbox 1079 2281 1207 2367; x_wconf 86' lang='lat' dir='ltr'>Pompei</span> 
     </span>
     <span class='ocr_line' id='line_1_21' title="bbox 172 2380 1203 2465; baseline 0.002 -17"><span class='ocrx_word' id='word_1_166' title='bbox 172 2383 239 2448; x_wconf 83' lang='lat' dir='ltr'>vita</span> <span class='ocrx_word' id='word_1_167' title='bbox 261 2382 459 2465; x_wconf 81' lang='lat' dir='ltr'>significatur,</span> <span class='ocrx_word' id='word_1_168' title='bbox 484 2401 580 2465; x_wconf 89' lang='lat' dir='ltr'>quam</span> <span class='ocrx_word' id='word_1_169' title='bbox 602 2380 768 2460; x_wconf 90' lang='lat' dir='ltr'>habemus,</span> <span class='ocrx_word' id='word_1_170' title='bbox 792 2382 832 2445; x_wconf 89' lang='lat' dir='ltr'>ad</span> <span class='ocrx_word' id='word_1_171' title='bbox 855 2381 1014 2448; x_wconf 87' lang='lat' dir='ltr'>Plutarchi</span> <span class='ocrx_word' id='word_1_172' title='bbox 1037 2386 1203 2450; x_wconf 83' lang='lat' dir='ltr'>auctorati·</span> 
     </span>
     <span class='ocr_line' id='line_1_22' title="bbox 174 2482 1206 2568; baseline 0 -18"><span class='ocrx_word' id='word_1_173' title='bbox 174 2493 238 2551; x_wconf 90' lang='lat' dir='ltr'>tem</span> <span class='ocrx_word' id='word_1_174' title='bbox 260 2485 318 2550; x_wconf 94' lang='lat' dir='ltr'>hoc</span> <span class='ocrx_word' id='word_1_175' title='bbox 340 2491 508 2567; x_wconf 87' lang='lat' dir='ltr'>utrumque</span> <span class='ocrx_word' id='word_1_176' title='bbox 530 2482 739 2548; x_wconf 86' lang='lat' dir='ltr'>revocandum</span> <span class='ocrx_word' id='word_1_177' title='bbox 762 2502 829 2546; x_wconf 87' lang='lat' dir='ltr'>osse</span> <span class='ocrx_word' id='word_1_178' title='bbox 854 2490 939 2568; x_wconf 88' lang='lat' dir='ltr'>puto.</span> <span class='ocrx_word' id='word_1_179' title='bbox 986 2485 1128 2550; x_wconf 85' lang='lat' dir='ltr'>Tertium</span> <span class='ocrx_word' id='word_1_180' title='bbox 1156 2486 1206 2550; x_wconf 88' lang='lat' dir='ltr'>de-</span> 
     </span>
     <span class='ocr_line' id='line_1_23' title="bbox 175 2586 1207 2675; baseline 0.001 -21"><span class='ocrx_word' id='word_1_181' title='bbox 175 2591 269 2675; x_wconf 90' lang='lat' dir='ltr'>nique</span> <span class='ocrx_word' id='word_1_182' title='bbox 301 2609 398 2671; x_wconf 84' lang='lat' dir='ltr'>genus</span> <span class='ocrx_word' id='word_1_183' title='bbox 429 2608 549 2667; x_wconf 85' lang='lat' dir='ltr'>eorum,</span> <span class='ocrx_word' id='word_1_184' title='bbox 579 2586 693 2671; x_wconf 92' lang='lat' dir='ltr'>quibus</span> <span class='ocrx_word' id='word_1_185' title='bbox 722 2587 861 2651; x_wconf 85' lang='lat' dir='ltr'>diffidere</span> <span class='ocrx_word' id='word_1_186' title='bbox 887 2590 974 2653; x_wconf 83' lang='lat' dir='ltr'>nesus</span> <span class='ocrx_word' id='word_1_187' title='bbox 1010 2598 1071 2671; x_wconf 90' lang='lat' dir='ltr'>est,</span> <span class='ocrx_word' id='word_1_188' title='bbox 1099 2591 1134 2654; x_wconf 92' lang='lat' dir='ltr'>in</span> <span class='ocrx_word' id='word_1_189' title='bbox 1168 2591 1207 2655; x_wconf 87' lang='lat' dir='ltr'>iis</span> 
     </span>
     <span class='ocr_line' id='line_1_24' title="bbox 174 2687 1208 2776; baseline 0.001 -22"><span class='ocrx_word' id='word_1_190' title='bbox 174 2698 315 2756; x_wconf 84' lang='lat' dir='ltr'>versatur</span> <span class='ocrx_word' id='word_1_191' title='bbox 343 2712 423 2776; x_wconf 88' lang='lat' dir='ltr'>quac</span> <span class='ocrx_word' id='word_1_192' title='bbox 456 2710 527 2754; x_wconf 89' lang='lat' dir='ltr'>cmn</span> <span class='ocrx_word' id='word_1_193' title='bbox 549 2687 802 2755; x_wconf 86' lang='lat' dir='ltr'>antecedentibus</span> <span class='ocrx_word' id='word_1_194' title='bbox 830 2695 886 2754; x_wconf 88' lang='lat' dir='ltr'>aut</span> <span class='ocrx_word' id='word_1_195' title='bbox 913 2692 1115 2776; x_wconf 85' lang='lat' dir='ltr'>sequentibus</span> <span class='ocrx_word' id='word_1_196' title='bbox 1143 2714 1208 2757; x_wconf 87' lang='lat' dir='ltr'>ver·</span> 
     </span>
     <span class='ocr_line' id='line_1_25' title="bbox 175 2791 1208 2873; baseline 0 -15"><span class='ocrx_word' id='word_1_197' title='bbox 175 2794 224 2858; x_wconf 89' lang='lat' dir='ltr'>bis</span> <span class='ocrx_word' id='word_1_198' title='bbox 247 2799 302 2858; x_wconf 87' lang='lat' dir='ltr'>aut</span> <span class='ocrx_word' id='word_1_199' title='bbox 325 2791 486 2857; x_wconf 87' lang='lat' dir='ltr'>sententiis</span> <span class='ocrx_word' id='word_1_200' title='bbox 509 2791 554 2856; x_wconf 90' lang='lat' dir='ltr'>ita</span> <span class='ocrx_word' id='word_1_201' title='bbox 577 2792 741 2856; x_wconf 87' lang='lat' dir='ltr'>coniuncta</span> <span class='ocrx_word' id='word_1_202' title='bbox 762 2799 845 2873; x_wconf 88' lang='lat' dir='ltr'>sunt,</span> <span class='ocrx_word' id='word_1_203' title='bbox 875 2799 912 2857; x_wconf 89' lang='lat' dir='ltr'>ut</span> <span class='ocrx_word' id='word_1_204' title='bbox 933 2794 1000 2857; x_wconf 89' lang='lat' dir='ltr'>sinc</span> <span class='ocrx_word' id='word_1_205' title='bbox 1028 2794 1124 2858; x_wconf 90' lang='lat' dir='ltr'>totius</span> <span class='ocrx_word' id='word_1_206' title='bbox 1141 2816 1208 2858; x_wconf 91' lang='lat' dir='ltr'>sen-</span> 
     </span>
     <span class='ocr_line' id='line_1_26' title="bbox 175 2894 1209 2980; baseline 0.002 -19"><span class='ocrx_word' id='word_1_207' title='bbox 175 2897 291 2962; x_wconf 87' lang='lat' dir='ltr'>tentiae</span> <span class='ocrx_word' id='word_1_208' title='bbox 313 2895 498 2961; x_wconf 84' lang='lat' dir='ltr'>detrimento</span> <span class='ocrx_word' id='word_1_209' title='bbox 525 2894 582 2958; x_wconf 90' lang='lat' dir='ltr'>eici</span> <span class='ocrx_word' id='word_1_210' title='bbox 604 2916 667 2961; x_wconf 90' lang='lat' dir='ltr'>non</span> <span class='ocrx_word' id='word_1_211' title='bbox 688 2895 817 2980; x_wconf 84' lang='lat' dir='ltr'>possint.</span> <span class='ocrx_word' id='word_1_212' title='bbox 861 2896 928 2960; x_wconf 91' lang='lat' dir='ltr'>Hoc</span> <span class='ocrx_word' id='word_1_213' title='bbox 949 2897 1033 2962; x_wconf 88' lang='lat' dir='ltr'>cadit</span> <span class='ocrx_word' id='word_1_214' title='bbox 1058 2898 1092 2961; x_wconf 91' lang='lat' dir='ltr'>in</span> <span class='ocrx_word' id='word_1_215' title='bbox 1114 2900 1209 2963; x_wconf 86' lang='lat' dir='ltr'>verba</span> 
     </span>
     <span class='ocr_line' id='line_1_27' title="bbox 175 2996 1209 3084; baseline 0.003 -23"><span class='ocrx_word' id='word_1_216' title='bbox 175 2997 232 3062; x_wconf 89' lang='lat' dir='ltr'>illa</span> <span class='ocrx_word' id='word_1_217' title='bbox 253 2999 329 3064; x_wconf 88' lang='lat' dir='ltr'>Mar.</span> <span class='ocrx_word' id='word_1_218' title='bbox 354 2997 396 3064; x_wconf 80' lang='lat'>29</span> <span class='ocrx_word' id='word_1_219' title='bbox 420 3002 450 3062; x_wconf 86' lang='lat' dir='ltr'>et</span> <span class='ocrx_word' id='word_1_220' title='bbox 471 2996 579 3064; x_wconf 85' lang='lat' dir='ltr'>Anton</span> <span class='ocrx_word' id='word_1_221' title='bbox 602 3000 652 3079; x_wconf 86' lang='lat'>69,</span> <span class='ocrx_word' id='word_1_222' title='bbox 677 3020 756 3084; x_wconf 89' lang='lat' dir='ltr'>quae</span> <span class='ocrx_word' id='word_1_223' title='bbox 777 2999 843 3064; x_wconf 89' lang='lat' dir='ltr'>iam</span> <span class='ocrx_word' id='word_1_224' title='bbox 864 2999 1024 3065; x_wconf 89' lang='lat' dir='ltr'>Plutarchi</span> <span class='ocrx_word' id='word_1_225' title='bbox 1046 3020 1113 3064; x_wconf 90' lang='lat' dir='ltr'>esse</span> <span class='ocrx_word' id='word_1_226' title='bbox 1141 3022 1209 3066; x_wconf 91' lang='lat' dir='ltr'>con·</span> 
     </span>
     <span class='ocr_line' id='line_1_28' title="bbox 175 3100 1208 3188; baseline 0.003 -24"><span class='ocrx_word' id='word_1_227' title='bbox 175 3101 319 3182; x_wconf 90' lang='lat' dir='ltr'>iecimus,</span> <span class='ocrx_word' id='word_1_228' title='bbox 355 3100 438 3166; x_wconf 88' lang='lat' dir='ltr'>cadit</span> <span class='ocrx_word' id='word_1_229' title='bbox 471 3100 582 3165; x_wconf 90' lang='lat' dir='ltr'>deinde</span> <span class='ocrx_word' id='word_1_230' title='bbox 615 3100 648 3164; x_wconf 91' lang='lat' dir='ltr'>in</span> <span class='ocrx_word' id='word_1_231' title='bbox 681 3102 788 3166; x_wconf 84' lang='lat' dir='ltr'>Marii</span> <span class='ocrx_word' id='word_1_232' title='bbox 806 3110 866 3188; x_wconf 90' lang='lat' dir='ltr'>cpt.</span> <span class='ocrx_word' id='word_1_233' title='bbox 898 3105 937 3167; x_wconf 91' lang='lat'>10</span> <span class='ocrx_word' id='word_1_234' title='bbox 971 3103 1027 3169; x_wconf 93' lang='lat' dir='ltr'>ubi</span> <span class='ocrx_word' id='word_1_235' title='bbox 1061 3104 1208 3186; x_wconf 84' lang='lat' dir='ltr'>legimus:</span> 
     </span>
     <span class='ocr_line' id='line_1_29' title="bbox 176 3198 1210 3291; baseline 0.006 -23"><span class='ocrx_word' id='word_1_236' title='bbox 176 3200 215 3271; x_wconf 75' lang='lat' dir='ltr'>dv</span> <span class='ocrx_word' id='word_1_237' title='bbox 230 3200 265 3270; x_wconf 66' lang='lat' dir='ltr'>ds*</span> <span class='ocrx_word' id='word_1_238' title='bbox 287 3204 412 3289; x_wconf 83' lang='grc' dir='ltr'><strong><em>τρόπον</em></strong></span> <span class='ocrx_word' id='word_1_239' title='bbox 427 3198 639 3291; x_wconf 79' lang='grc' dir='ltr'><strong><em>ἀφηγήσομαι</em></strong></span> <span class='ocrx_word' id='word_1_240' title='bbox 652 3207 804 3291; x_wconf 78' lang='grc' dir='ltr'><strong><em>βραχέας,</em></strong></span> <span class='ocrx_word' id='word_1_241' title='bbox 827 3204 901 3272; x_wconf 80' lang='grc' dir='ltr'><strong><em>ἐπεὶ</em></strong></span> <span class='ocrx_word' id='word_1_242' title='bbox 922 3205 962 3275; x_wconf 81' lang='grc' dir='ltr'>τά</span> <span class='ocrx_word' id='word_1_243' title='bbox 982 3212 1051 3273; x_wconf 74' lang='grc' dir='ltr'>καθ</span> <span class='ocrx_word' id='word_1_244' title='bbox 1064 3202 1210 3274; x_wconf 69' lang='grc' dir='ltr'><strong><em>’ἕκαστον</em></strong></span> 
     </span>
     <span class='ocr_line' id='line_1_30' title="bbox 174 3303 1209 3393; baseline 0.002 -20"><span class='ocrx_word' id='word_1_245' title='bbox 174 3307 306 3390; x_wconf 74' lang='grc' dir='ltr'><strong><em>μᾶλλον</em></strong></span> <span class='ocrx_word' id='word_1_246' title='bbox 321 3303 358 3371; x_wconf 76' lang='grc' dir='ltr'>ἐν</span> <span class='ocrx_word' id='word_1_247' title='bbox 371 3305 526 3392; x_wconf 79' lang='grc' dir='ltr'><strong><em>τοῖςπερὶ</em></strong></span> <span class='ocrx_word' id='word_1_248' title='bbox 541 3306 655 3372; x_wconf 79' lang='grc' dir='ltr'><strong><em>Σύλλα</em></strong></span> <span class='ocrx_word' id='word_1_249' title='bbox 671 3310 856 3393; x_wconf 76' lang='grc' dir='ltr'><strong><em>γέγραπται,</em></strong></span> <span class='ocrx_word' id='word_1_250' title='bbox 872 3311 955 3376; x_wconf 86' lang='lat' dir='ltr'>cadit</span> <span class='ocrx_word' id='word_1_251' title='bbox 969 3313 1099 3378; x_wconf 86' lang='lat' dir='ltr'>fortasse</span> <span class='ocrx_word' id='word_1_252' title='bbox 1115 3311 1209 3376; x_wconf 86' lang='lat' dir='ltr'>etiam</span> 
     </span>
     <span class='ocr_line' id='line_1_31' title="bbox 175 3406 1210 3497; baseline -0.001 -22"><span class='ocrx_word' id='word_1_253' title='bbox 175 3412 209 3476; x_wconf 89' lang='lat' dir='ltr'>in</span> <span class='ocrx_word' id='word_1_254' title='bbox 230 3411 308 3476; x_wconf 87' lang='lat' dir='ltr'>Mar.</span> <span class='ocrx_word' id='word_1_255' title='bbox 333 3417 393 3496; x_wconf 87' lang='lat' dir='ltr'>opt.</span> <span class='ocrx_word' id='word_1_256' title='bbox 417 3412 437 3476; x_wconf 92' lang='lat'>6</span> <span class='ocrx_word' id='word_1_257' title='bbox 461 3410 518 3495; x_wconf 74' lang='grc' dir='ltr'>(ὥς</span> <span class='ocrx_word' id='word_1_258' title='bbox 544 3406 580 3477; x_wconf 78' lang='grc' dir='ltr'>ἐν</span> <span class='ocrx_word' id='word_1_259' title='bbox 605 3416 673 3485; x_wconf 82' lang='grc' dir='ltr'><strong><em>τοῖς</em></strong></span> <span class='ocrx_word' id='word_1_260' title='bbox 701 3410 778 3496; x_wconf 84' lang='grc' dir='ltr'><strong><em>περὶ</em></strong></span> <span class='ocrx_word' id='word_1_261' title='bbox 800 3410 924 3480; x_wconf 80' lang='grc' dir='ltr'><strong><em>ἐκείνου</em></strong></span> <span class='ocrx_word' id='word_1_262' title='bbox 953 3414 1142 3497; x_wconf 76' lang='grc' dir='ltr'><strong><em>γέγραπται)</em></strong></span> <span class='ocrx_word' id='word_1_263' title='bbox 1172 3411 1210 3474; x_wconf 92' lang='lat' dir='ltr'>de</span> 
     </span>
     <span class='ocr_line' id='line_1_32' title="bbox 176 3512 1207 3598; baseline -0.003 -20"><span class='ocrx_word' id='word_1_264' title='bbox 176 3514 291 3598; x_wconf 86' lang='lat' dir='ltr'>quibus</span> <span class='ocrx_word' id='word_1_265' title='bbox 329 3520 437 3597; x_wconf 84' lang='lat' dir='ltr'>postca</span> <span class='ocrx_word' id='word_1_266' title='bbox 477 3512 642 3579; x_wconf 91' lang='lat' dir='ltr'>dicendum</span> <span class='ocrx_word' id='word_1_267' title='bbox 676 3521 731 3579; x_wconf 83' lang='lat' dir='ltr'>est.</span> <span class='ocrx_word' id='word_1_268' title='bbox 791 3515 950 3581; x_wconf 86' lang='lat' dir='ltr'>Postremo</span> <span class='ocrx_word' id='word_1_269' title='bbox 979 3537 1043 3581; x_wconf 91' lang='lat' dir='ltr'>non</span> <span class='ocrx_word' id='word_1_270' title='bbox 1071 3513 1207 3595; x_wconf 85' lang='lat' dir='ltr'>intellegi</span> 
     </span>
     <span class='ocr_line' id='line_1_33' title="bbox 175 3614 1209 3701; baseline -0.004 -20"><span class='ocrx_word' id='word_1_271' title='bbox 175 3623 290 3701; x_wconf 82' lang='lat' dir='ltr'>potest,</span> <span class='ocrx_word' id='word_1_272' title='bbox 322 3637 377 3680; x_wconf 87' lang='lat' dir='ltr'>cur</span> <span class='ocrx_word' id='word_1_273' title='bbox 405 3614 581 3699; x_wconf 90' lang='lat' dir='ltr'>quisquam,</span> <span class='ocrx_word' id='word_1_274' title='bbox 609 3616 663 3701; x_wconf 87' lang='lat' dir='ltr'>qui</span> <span class='ocrx_word' id='word_1_275' title='bbox 685 3616 808 3699; x_wconf 82' lang='lat' dir='ltr'>legebat</span> <span class='ocrx_word' id='word_1_276' title='bbox 832 3616 991 3682; x_wconf 87' lang='lat' dir='ltr'>Plutarchi</span> <span class='ocrx_word' id='word_1_277' title='bbox 1016 3616 1151 3681; x_wconf 82' lang='lat' dir='ltr'>Brutum</span> <span class='ocrx_word' id='word_1_278' title='bbox 1175 3615 1209 3678; x_wconf 90' lang='lat' dir='ltr'>in</span> 
     </span>
     <span class='ocr_line' id='line_1_34' title="bbox 176 3714 1210 3810; baseline 0 -29"><span class='ocrx_word' id='word_1_279' title='bbox 176 3725 253 3803; x_wconf 88' lang='lat' dir='ltr'>cptc.</span> <span class='ocrx_word' id='word_1_280' title='bbox 280 3719 318 3782; x_wconf 88' lang='lat'>13</span> <span class='ocrx_word' id='word_1_281' title='bbox 346 3717 501 3783; x_wconf 88' lang='lat' dir='ltr'>addiderit</span> <span class='ocrx_word' id='word_1_282' title='bbox 537 3719 617 3810; x_wconf 89' lang='lat' dir='ltr'>illud</span> <span class='ocrx_word' id='word_1_283' title='bbox 651 3720 784 3806; x_wconf 78' lang='lat' dir='ltr'>simplex</span> <span class='ocrx_word' id='word_1_284' title='bbox 818 3714 928 3804; x_wconf 75' lang='grc' dir='ltr'><strong><em>ὥσπερ</em></strong></span> <span class='ocrx_word' id='word_1_285' title='bbox 952 3718 1082 3806; x_wconf 82' lang='grc' dir='ltr'><strong><em>ἐἴρηται</em></strong></span> <span class='ocrx_word' id='word_1_286' title='bbox 1114 3739 1210 3804; x_wconf 89' lang='lat' dir='ltr'>quam</span> 
     </span>
     <span class='ocr_line' id='line_1_35' title="bbox 176 3820 1211 3911; baseline 0.002 -26"><span class='ocrx_word' id='word_1_287' title='bbox 176 3820 344 3887; x_wconf 85' lang='lat' dir='ltr'>formulam</span> <span class='ocrx_word' id='word_1_288' title='bbox 373 3822 577 3888; x_wconf 86' lang='lat' dir='ltr'>Plutarchum</span> <span class='ocrx_word' id='word_1_289' title='bbox 604 3824 709 3910; x_wconf 90' lang='lat' dir='ltr'>ipsum</span> <span class='ocrx_word' id='word_1_290' title='bbox 738 3825 918 3911; x_wconf 88' lang='lat' dir='ltr'>saepissime</span> <span class='ocrx_word' id='word_1_291' title='bbox 945 3845 1112 3911; x_wconf 86' lang='lat' dir='ltr'>usurpasse</span> <span class='ocrx_word' id='word_1_292' title='bbox 1145 3824 1211 3888; x_wconf 89' lang='lat' dir='ltr'>iam</span> 
     </span>
     <span class='ocr_line' id='line_1_36' title="bbox 177 3925 1210 4016; baseline 0 -26"><span class='ocrx_word' id='word_1_293' title='bbox 177 3925 324 4004; x_wconf 89' lang='lat' dir='ltr'>vidimus,</span> <span class='ocrx_word' id='word_1_294' title='bbox 348 3947 428 4011; x_wconf 88' lang='lat' dir='ltr'>quac</span> <span class='ocrx_word' id='word_1_295' title='bbox 450 3927 577 4011; x_wconf 87' lang='lat' dir='ltr'>quidem</span> <span class='ocrx_word' id='word_1_296' title='bbox 598 3928 657 3996; x_wconf 89' lang='lat' dir='ltr'>hoc</span> <span class='ocrx_word' id='word_1_297' title='bbox 678 3929 757 4010; x_wconf 91' lang='lat' dir='ltr'>loco,</span> <span class='ocrx_word' id='word_1_298' title='bbox 786 3936 823 3995; x_wconf 91' lang='lat' dir='ltr'>ut</span> <span class='ocrx_word' id='word_1_299' title='bbox 844 3939 951 4016; x_wconf 88' lang='lat' dir='ltr'>postea</span> <span class='ocrx_word' id='word_1_300' title='bbox 973 3930 1145 4015; x_wconf 85' lang='lat' dir='ltr'>apparebit,</span> <span class='ocrx_word' id='word_1_301' title='bbox 1170 3927 1210 3992; x_wconf 92' lang='lat' dir='ltr'>ad</span> 
     </span>
     <span class='ocr_line' id='line_1_37' title="bbox 179 4026 1210 4117; baseline 0.005 -28"><span class='ocrx_word' id='word_1_302' title='bbox 179 4026 303 4091; x_wconf 85' lang='lat' dir='ltr'>Catonis</span> <span class='ocrx_word' id='word_1_303' title='bbox 332 4028 384 4092; x_wconf 87' lang='lat' dir='ltr'>Ut.</span> <span class='ocrx_word' id='word_1_304' title='bbox 413 4029 511 4093; x_wconf 86' lang='lat' dir='ltr'>vitam</span> <span class='ocrx_word' id='word_1_305' title='bbox 545 4031 648 4096; x_wconf 91' lang='lat' dir='ltr'>oculos</span> <span class='ocrx_word' id='word_1_306' title='bbox 682 4032 832 4098; x_wconf 83' lang='lat' dir='ltr'>removeri</span> <span class='ocrx_word' id='word_1_307' title='bbox 866 4033 967 4113; x_wconf 87' lang='lat' dir='ltr'>iubet;</span> <span class='ocrx_word' id='word_1_308' title='bbox 1003 4055 1103 4117; x_wconf 88' lang='lat' dir='ltr'>neque</span> <span class='ocrx_word' id='word_1_309' title='bbox 1137 4031 1210 4095; x_wconf 90' lang='lat' dir='ltr'>huic</span> 
     </span>
    </p>
   </div>
   <div class='ocr_carea' id='block_1_3' title="bbox 0 0 1440 4482">
    <p class='ocr_par' dir='ltr' id='par_1_3' title="bbox 0 0 1440 4482">
     <span class='ocr_line' id='line_1_38' title="bbox 0 0 1440 4482; baseline 0 0"><span class='ocrx_word' id='word_1_310' title='bbox 0 0 1440 4482; x_wconf 95' lang='lat' dir='ltr'> </span> 
     </span>
    </p>
   </div>
  </div>
 </body>
</html>
