2866 4482
600 238 802 306 -30..

183 411 278 477 chum
293 410 501 494 Archidamo·
516 412 627 480 deinde
644 413 784 497 Crobylo‚
808 421 877 501 tum
900 433 1008 477 rursus
1023 411 1216 477 Archidamo

182 518 359 584 attribuere
370 518 525 604 potuisse,
548 516 602 583 scd
624 525 680 583 eut
701 519 839 603 primum
861 519 911 584 bis
932 517 1141 597 Archidamo,
1165 517 1216 582 de·

180 620 254 685 inde
277 622 409 705 Crobylo
431 629 487 687 aut
509 628 630 704 contre3
658 629 753 708 etque
778 643 851 687 curn
872 623 977 687 Nicias
1004 629 1077 689 ante
1098 622 1225 686 Cicero-1

181 744 253 788 nem
275 722 409 811 scriptus
431 746 497 791 esso
519 747 582 790 non
604 727 711 812 possit,
736 726 930 791 Cleomenem
949 746 1073 812 qnoque
1086 731 1219 811 apparet

181 836 251 913 post
274 829 449 895 Ciceronem
478 830 684 916 compositum
707 852 785 912 esse3
814 832 929 916 quibus
956 831 1067 916 positis
1095 830 1214 914 Pelopi-

180 931 255 995 dam
288 953 410 1018 quoque
443 939 474 997 et
500 932 683 998 Marcellum
711 933 848 999 Ciceroni
876 933 1106 1019 postponendos
1138 953 1212 1012 esse,

180 1033 214 1098 in
236 1041 342 1120 aperto
366 1043 423 1100 est.

264 1137 338 1201 Jam
360 1156 431 1201 vero
454 1158 552 1223 aeque
572 1138 768 1224 perlucidum
796 1144 856 1219 est,
886 1138 1051 1202 Phocionis
1073 1144 1105 1203 et
1126 1138 1215 1202 Cato·

179 1239 229 1303 nis
251 1239 303 1304 Ut.
334 1239 417 1305 vites
445 1246 516 1324 post
538 1240 714 1305 Ciceronem
742 1241 932 1326 conscriptos
957 1262 1032 1305 esse.
1076 1240 1157 1305 Nam
1180 1241 1213 1303 in

179 1340 246 1405 vito
267 1340 428 1405 Demosth.
455 1341 494 1406 10
515 1341 597 1407 Plut.
622 1341 706 1406 dicit.
730 1341 749 1405 ὁ
772 1336 808 1405 δὲ
831 1336 928 1416 αὐτὸς
950 1339 1133 1426 φιλόσοφος
1155 1343 1213 1428 (sc.

179 1441 427 1528 Theophrastus)
444 1443 655 1512 Πολύευκτον
669 1446 791 1529 ἱστορεῖ
806 1443 863 1513 τὸν
879 1444 1055 1533 Σφήττιον,
1077 1444 1134 1513 ἕνα
1148 1449 1216 1512 τοῖν

177 1543 252 1612 τότε
281 1545 551 1646 πολιτευομένων
582 1542 745 1635 Ἀθήνησι
776 1542 1031 1632 οἷπομαίναοθαι
1063 1550 1215 1630 μέγιστον

178 1643 242 1730 μὲν
264 1647 348 1714 εἶναι
370 1646 491 1735 ῥήτορα
514 1675 542 1715 ιι.
565 1672 593 1717 τ.
617 1648 647 1715 λ.
670 1649 705 1713 in
726 1649 891 1714 Phocionis
913 1656 1018 1715 autem
1041 1651 1108 1716 vita
1129 1651 1150 1715 5
1172 1649 1213 1714 le

178 1753 294 1836 gimm:
324 1751 386 1818 Kal
414 1751 496 1839 πρὸς
522 1755 620 1818 τοῦτο
643 1752 728 1819 ἔοικε
756 1749 885 1820 ἀπιδών
913 1753 932 1819 d
961 1752 1124 1841 Σφήττιος
1150 1760 1214 1820 Πο·

177 1855 331 1931 λύευκτος
352 1856 466 1942 εἰπεῖν,
490 1852 542 1922 ὅτι
563 1853 670 1945 ῥήτωρ
692 1854 754 1940 μὲν
774 1855 903 1942 ἄριστος
918 1857 969 1944 εἴη
985 1860 1213 1947 Δημοσθένης,

177 1958 283 2024 elusio
304 1954 340 2022 δὲ
363 1957 583 2032 δυνατώτατος
605 1958 622 2023 ὁ
648 1960 793 2027 Φωκίων.
830 1959 963 2024 Videtur
984 1982 1020 2024 ea
1042 1961 1108 2026 vite
1130 1961 1213 2047 prior

178 2083 253 2144 esse,
276 2064 310 2126 in
332 2085 408 2148 qua,
433 2064 504 2148 quis
526 2064 619 2129 fuerit
639 2063 827 2147 Polyeuctus
849 2064 1037 2149 explicatur,
1064 2067 1214 2150 posterior

177 2189 222 2249 ea,
246 2169 280 2231 in
309 2189 371 2252 qua
398 2168 477 2232 nihil
499 2168 676 2254 explicandi
698 2189 792 2232 censa
814 2168 971 2234 adiectum
999 2177 1059 2250 est;
1086 2170 1212 2253 iamque

178 2273 260 2338 Plut.
288 2274 323 2336 in
344 2273 412 2338 vite
432 2272 590 2338 Demosth.
615 2273 729 2358 pergit,
758 2273 999 2339 Demosthenem
1028 2274 1055 2336 si
1076 2272 1212 2336 Phocion

177 2378 212 2442 in
234 2399 306 2441 eum
328 2377 434 2442 invehi
456 2377 614 2462 coepisset,
638 2377 767 2442 dixisse:
790 2376 812 2465 ή
834 2381 900 2443 τῶν
922 2373 1012 2458 ε’μοῖν
1033 2375 1139 2457 λόγων
1160 2398 1212 2439 κο·

178 2482 234 2554 πὶς
256 2475 431 2561 ἀνίσταται,
459 2483 509 2545 his
532 2478 604 2546 vero
634 2482 731 2546 adicit
752 2481 833 2547 Plut.
856 2484 954 2546 τοῦτο
977 2475 1039 2562 μὲν
1061 2461 1121 2545 οὖν
1135 2475 1212 2567 ὅλη-

176 2581 252 2663 λον,
286 2581 351 2647 εἴτε
381 2581 462 2667 πρὸς
489 2582 550 2649 τὸν
581 2581 680 2665 λόγου
707 2586 769 2647 τοῦ
797 2578 914 2668 ἀνδρὸς
942 2583 961 2648 ὁ
991 2584 1213 2669 Δημοσθένης

176 2679 241 2747 εἴτε
264 2679 348 2768 πρὸς
370 2682 427 2748 τὸν
453 2684 526 2768 βίον
554 2681 608 2748 καὶ
635 2682 695 2772 τὴν
723 2681 821 2760 δόξαν
848 2680 1049 2764 ἐπεπόνθει,
1077 2683 1213 2750 πολλῶν

176 2781 265 2849 πάνυ
288 2781 341 2848 καὶ
362 2788 496 2869 μακρῶν
518 2782 682 2870 περιόδων
711 2781 747 2851 ἓν
775 2786 866 2872 ῥήμα
894 2783 948 2849 καὶ
975 2789 1082 2866 νεῦμα
1104 2786 1214 2849 πίστιν

177 2884 307 2966 ἔχοντος
338 2881 524 2971 ἀνθρώπου
561 2885 756 2973 κυριώτερον
788 2885 978 2976 ἡγούμενος.
1034 2888 1072 2951 In
1105 2886 1214 2951 Phoci·

177 2988 246 3051 onis
269 2993 376 3051 contra
398 2987 479 3067 vita,
510 2988 566 3052 ubi
590 2989 698 3054 eadem
720 2989 939 3054 Demosthenis
961 2990 1056 3054 verba
1078 2990 1211 3052 reserun-

176 3099 238 3172 tur,
261 3091 342 3155 Plut.
367 3092 502 3157 addidit:
534 3089 625 3158 Ἀλλολ
647 3098 744 3158 τοῦτο
767 3089 829 3177 μὲν
851 3092 925 3167 ἴσως
954 3092 1037 3178 πρὸς
1064 3089 1101 3157 τὸ
1124 3075 1211 3179 ἦθος

176 3191 354 3276 ἀνοιστέον,
384 3193 458 3261 ε’πεὶ
479 3199 569 3284 ῥῆμα
597 3194 651 3262 καὶ
673 3200 778 3278 νεῦμα
806 3196 910 3279 μόνον
937 3192 1053 3282 ἀνδρὸς
1079 3193 1213 3279 ἀγαθοῦ

176 3300 302 3384 μυρίοις
346 3298 559 3389 ἐνθυμήμασι
603 3299 658 3368 καὶ
703 3300 869 3387 περιόδοις
909 3296 1105 3386 ἀντίρροπον
1145 3297 1211 3379 ἔχει

176 3406 295 3469 πίστιν.
345 3404 552 3471 Dubiteverat
587 3406 682 3489 igitur
709 3406 743 3469 in
771 3406 837 3471 vita
864 3405 1025 3471 Demosth.
1055 3426 1136 3489 quae
1162 3403 1212 3468 vis

177 3510 289 3573 fuisset
310 3508 436 3573 illorum
458 3510 676 3575 Demosthenis
699 3512 879 3592 verborum3
902 3511 967 3575 iam
982 3531 1053 3576 vero
1077 3511 1110 3574 in
1132 3508 1211 3572 Pho-

178 3613 264 3679 cione
293 3619 375 3677 certe
401 3614 554 3678 sententia
579 3617 746 3699 profertum
774 3635 873 3698 neque
895 3613 992 3696 igitur
1013 3614 1046 3677 in
1069 3614 1208 3691 obscuro,

176 3718 365 3783 Phocionem
388 3726 459 3803 post
480 3719 720 3784 Demosthenem
741 3718 862 3785 editum
877 3740 952 3783 esse.
983 3718 1112 3783 Accedit
1126 3716 1210 3804 quod

176 3823 283 3887 eadem
312 3824 479 3903 sententie,
509 3845 588 3908 quse
615 3824 648 3887 in
676 3824 845 3905 Phocione,
881 3824 914 3887 in
943 3823 1059 3888 Pericle
1087 3843 1210 3909 quoque

176 3927 328 4009 profertur
360 3933 430 4009 epte
460 3926 512 4006 15,
547 3927 603 3992 ubi
636 3932 697 3990 est:
731 3925 822 3990 Αἰτία
849 3919 986 4012 δὀήχή
1019 3928 1081 3989 τοῦ
1109 3921 1209 4007 λόγου

175 4025 285 4113 ψιλῶς
307 4022 456 4110 δύναμις,
479 4021 563 4105 ἀλλ’,
587 4027 628 4101 ὥς
651 4027 853 4113 Θουκυδίδης
875 4027 986 4112 φησίν,
1009 4026 1031 4116 ή
1054 4024 1131 4112 περὶ
1152 4024 1210 4093 τὸν
