2866 4482
649 267 848 331 ..41-

230 442 395 519 cederetur,
419 439 580 505 coniuncta
602 446 656 519 est,
686 440 719 502 in
741 439 829 504 Nicia
857 445 887 504 et
908 441 1035 504 Caesare
1062 440 1175 504 rectius
1197 440 1261 504 adi-

229 545 317 623 citur,
352 541 611 628 supplicationem
638 564 657 607 a
684 547 794 606 senatu
822 542 977 607 decretam
1010 563 1084 606 esse.
1136 543 1263 608 Constat

229 649 316 712 illam
345 648 456 711 falsam
488 646 522 708 in
551 645 617 709 vita
645 645 771 709 Catonis
798 645 1006 711 narrationem
1035 646 1144 709 ceteris
1176 667 1262 731 prae

229 750 360 813 missam
388 748 497 829 fuisse3
533 748 621 830 atqui
648 748 681 811 iu
710 750 815 834 Comp.
845 748 911 813 Nic.
941 756 971 813 et
998 750 1097 813 Crass.
1127 757 1263 814 trecenta

228 852 317 916 milia
344 852 568 917 Germanorum
600 873 619 916 a
647 852 774 915 Caesare
807 851 904 917 victos
938 872 1004 914 osse
1031 852 1173 932 traditur,
1208 853 1264 936 qui

229 956 314 1021 idem
336 976 486 1019 numerus
508 954 543 1018 iu
564 955 629 1019 vita
652 953 776 1018 Catonis
797 954 964 1039 profertur3
991 954 1025 1018 in
1048 955 1186 1020 Caesaris
1208 976 1261 1019 au·

229 1064 291 1123 tem
313 1058 380 1123 vita
402 1057 629 1141 quadringenta
649 1056 739 1120 milia
762 1056 846 1121 ricta
871 1077 937 1120 esse
959 1056 1114 1122 dicuntur.
1159 1059 1263 1140 Atque

229 1162 256 1226 si
278 1162 313 1225 hi
335 1161 457 1225 numeri
471 1166 552 1226 recte
566 1161 676 1226 traditi
697 1167 779 1240 sunt,
803 1180 859 1224 nec
873 1159 1071 1225 librariorum
1094 1161 1184 1246 culpa
1200 1180 1263 1225 cor-

229 1263 321 1349 rupti,
344 1264 432 1327 illam
455 1263 563 1328 Catoni
591 1263 739 1328 insertam
761 1263 970 1327 narrationem
992 1262 1174 1326 similiorem
1197 1284 1264 1327 esse

228 1372 355 1451 apparet
377 1366 414 1446 ei,
437 1387 516 1450 quae
539 1366 573 1430 in
596 1367 700 1451 Comp.
716 1366 783 1430 Nic.
800 1373 830 1431 et
852 1366 951 1430 Crass.
974 1365 1141 1445 invenitur,
1166 1387 1262 1449 quam

228 1470 256 1533 ei
278 1489 357 1552 quae
384 1469 419 1532 in
441 1470 569 1534 Caesare
595 1468 715 1550 legitur.
762 1468 797 1533 si
818 1470 894 1533 fides
915 1468 1013 1551 igitur
1034 1469 1173 1533 numeris
1196 1469 1260 1534 illis

228 1573 337 1638 haberi
358 1579 469 1657 potest,
493 1577 563 1657 post
577 1572 722 1637 Catonem
737 1571 859 1637 Niciam
881 1577 912 1636 et
933 1572 1088 1653 Crassum,
1112 1580 1183 1657 post
1204 1573 1261 1636 hos

229 1677 340 1741 deinde
355 1677 518 1740 Caesarem
533 1676 684 1761 scriptum
700 1697 766 1739 esse
781 1675 984 1742 contenderis.
1002 1677 1121 1758 —Age
1135 1695 1207 1740 vero
1222 1675 1263 1741 ad

229 1780 320 1845 Dion.
345 1786 377 1846 et
397 1780 483 1844 Brut.
500 1779 672 1859 veniamus,
697 1779 784 1845 ethi
806 1799 860 1844 our
881 1778 947 1842 Nic.
972 1784 1002 1843 et
1023 1779 1122 1843 Crass,
1141 1784 1262 1864 postpo-

229 1884 324 1946 nendi
338 1883 504 1948 videantur
520 1903 719 1968 exponamus
750 1883 855 1965 Atque
869 1882 903 1946 in
918 1882 1019 1947 Crassi
1030 1882 1097 1947 vita
1111 1882 1150 1946 de
1165 1882 1263 1947 Cassii

229 1987 322 2050 rebus
337 1986 417 2050 bello
432 1987 576 2052 Parthico
591 1986 685 2069 gestis
700 1985 930 2051 accuratissime
946 1986 1077 2050 refertur
1092 1985 1143 2069 [cf.
1161 1986 1260 2052 Crass.

183 2175 186 2180 Ι
229 2089 280 2150 20.
308 2086 359 2153 22.
381 2090 432 2155 23.
456 2090 507 2154 27.
531 2089 586 2174 28]
609 2089 644 2153 iu
665 2089 756 2154 Bruti
777 2108 849 2154 vero
872 2089 946 2169 vita,
971 2110 1049 2172 quae
1072 2110 1138 2153 non
1157 2090 1262 2154 miuus

229 2189 326 2253 Cassii
348 2212 444 2276 quam
466 2193 556 2257 Bruti
586 2201 632 2258 est
654 2192 798 2258 habenda
827 2199 895 2278 epte
916 2193 958 2257 43
983 2191 1165 2257 Brevissima
1187 2191 1262 2254 haec

225 2300 405 2359 monentur:
421 2296 596 2379 Πίνδαρον,
612 2290 652 2360 ὃν
662 2292 697 2360 ἐκ
711 2297 778 2360 reio
791 2292 872 2359 nord
884 2292 1034 2377 Κράσσον
1048 2288 1263 2381 ἀτυχημάτων

225 2392 282 2459 ἐπὶ
296 2394 418 2482 ταύτην
432 2384 499 2478 εἶχε
513 2396 573 2483 τὴν
589 2393 740 2486 ἀνάγκην,
756 2393 812 2482 ὑφ’
828 2396 931 2464 αὑτοῦ
947 2399 1262 2483 παρεσκευασμένον.

224 2492 317 2563 Ἀλλὰ
332 2496 493 2581 Πάρθους
505 2495 568 2580 μὲν
583 2501 724 2584 διέφυγε,
746 2499 821 2568 τότε
836 2497 872 2566 δὲ
886 2526 914 2570 κ.
928 2523 955 2565 τ.
973 2499 1003 2567 λ.
1036 2501 1074 2565 In
1089 2500 1193 2565 Niciae
1209 2521 1262 2564 au·

226 2612 290 2666 tem
312 2600 396 2665 vitae
418 2609 486 2686 cpte
508 2603 559 2683 23,
582 2603 692 2667 lunam
715 2604 862 2669 defecisse
884 2596 1036 2683 narratur,
1064 2604 1260 2687 additurque,

227 2705 367 2769 nondum
389 2705 422 2769 id
436 2705 546 2771 aetatis
560 2707 712 2772 rationem
728 2706 802 2770 solis
820 2714 849 2772 et
864 2708 1001 2773 siderum
1024 2707 1100 2771 satis
1116 2707 1261 2772 omnibus

226 2808 381 2890 cognitam
418 2809 529 2890 fuisse3
561 2810 779 2892 Anaxagoram
812 2811 949 2897 primum
985 2812 1066 2877 hanc
1099 2809 1261 2891 caliginem

227 2910 402 2996 dispulisse,
426 2912 480 2975 sed
502 2912 597 2975 huius
619 2913 791 2978 doctrinam
819 2915 852 2978 in
875 2916 984 2996 volgus
1006 2934 1069 2977 non
1083 2920 1260 2977 'emanasse

227 3013 365 3077 Tandem
398 3015 564 3097 aliquando
598 3015 736 3081 Platonis
770 3017 934 3102 disciplina
966 3018 1084 3082 factum
1117 3035 1192 3095 esse,
1225 3021 1262 3078 ut

227 3115 452 3181 innotescerent
484 3102 559 3182 caeli
592 3127 684 3201 atque
717 3124 871 3184 astrorum
903 3119 992 3183 orbes
1024 3125 1118 3202 atque
1145 3124 1259 3182 motus

226 3218 357 3282 Dionem
385 3219 478 3283 ilhnn
511 3219 646 3303 quidem,
683 3222 819 3286 amioum
847 3221 995 3301 Platonis,
1031 3242 1102 3286 cum
1136 3244 1174 3286 ex
1202 3222 1259 3284 Za-

227 3322 341 3403 cyntho
371 3324 613 3407 proficisceretur
641 3324 734 3390 lunae
762 3325 884 3390 defectu
916 3324 1059 3389 territum
1092 3345 1155 3388 nou
1184 3343 1258 3401 esse,

227 3423 280 3485 sed
303 3424 410 3488 castris
432 3426 526 3490 motis
537 3426 574 3489 in
589 3427 727 3493 Siciliam
748 3429 908 3493 transiisse
931 3435 961 3492 et
975 3429 1184 3512 Syracusanos
1208 3426 1259 3489 do-

225 3529 397 3592 minatione
419 3529 574 3595 liberasse.
623 3532 661 3595 In
682 3533 793 3597 Dionis
815 3554 887 3597 vero
916 3539 984 3618 cpte
1006 3534 1049 3597 24
1075 3532 1162 3597 hrevi
1190 3552 1258 3594 nar-

226 3639 321 3712 ratur,
345 3633 453 3697 lunam
475 3633 630 3698 laborasse
653 3626 725 3700 cum
746 3637 780 3699 in
796 3637 954 3720 Zacyntho
978 3642 1057 3700 esset
1078 3636 1152 3715 llio,
1175 3636 1260 3698 huuc

225 3756 287 3800 non
308 3736 457 3800 miratum
485 3757 559 3816 esse,
589 3738 705 3822 quippe
727 3740 782 3823 qui
810 3761 916 3805 causas
944 3739 1081 3803 defectus
1111 3737 1257 3822 novisset,

226 3846 340 3902 ceteros
363 3839 469 3904 Miltae
496 3839 577 3904 vatis
604 3861 749 3924 responso
778 3842 985 3907 sollicitudine
1013 3840 1158 3904 liberatos
1181 3860 1256 3902 esse.

225 3941 329 4021 Atque
344 3941 393 4004 his
408 3942 442 4005 in
464 3943 555 4007 rebus
571 3949 698 4027 apparet
713 3944 973 4009 necessitudinem
989 3942 1145 4027 quandam
1160 3931 1258 4005 fuisse

216 4043 259 4131 „in
286 4043 352 4106 vita
378 4043 467 4108 Bruti
496 4045 534 4109 de
562 4044 659 4109 Cassii
686 4045 720 4108 in
748 4045 828 4112 bello
856 4045 998 4110 Parthico
1032 4046 1124 4110 rebus
1152 4044 1257 4129 paullo
