2866 4482
633 200 833 265 „ay-

213 378 370 444 Exciderit
404 379 534 442 fortasse
567 374 720 460 Scipionis
758 373 887 439 minoris
927 371 1120 456 aliorumque
1153 371 1244 451 vitae,

213 483 266 546 sed
288 483 365 546 haec
388 501 466 564 quae
488 483 554 543 tota
583 477 617 541 in
646 477 821 541 coniectura
848 473 950 559 posita
978 480 1060 553 sunt,
1089 479 1125 537 ut
1153 472 1247 536 nimis

212 584 339 663 incerta,
375 582 566 647 omittamus
620 581 781 645 Caesarem
808 600 879 644 vero
912 584 983 663 post
1010 576 1143 642 Brutum
1177 597 1247 642 con-

213 686 364 770 scriptum
379 705 453 764 esse,
468 685 564 748 verba
579 683 663 747 Caes
681 683 722 747 62
737 687 906 746 testantur:
922 675 1065 753 διἀἰτίας
1079 673 1118 752 ἃς
1133 676 1167 743 ἕν
1181 685 1248 752 τοῖς

213 786 290 874 περὶ
311 787 461 874 Βρούτου
488 788 719 872 γεγραμμένοις
742 782 981 871 δεδηλώκαμεν,
1007 784 1155 868 idemque
1176 805 1248 847 cum

214 917 250 960 ex
279 895 349 960 aliis
376 894 484 958 multis
512 895 613 973 rebuS,
650 899 719 957 turn
747 892 820 956 inde
847 894 981 975 apparet,
1010 889 1093 974 quod
1120 889 1154 951 in
1182 888 1248 952 vita

213 1000 303 1063 Bruti
324 999 363 1062 de
386 998 489 1063 Cassio
513 1005 543 1062 et
565 997 661 1062 Bruto
684 1018 852 1081 eorumque
875 995 965 1060 sociis
988 995 1081 1059 verbo
1109 994 1248 1059 coniura-

213 1108 319 1165 torum
340 1100 388 1162 uti
411 1099 568 1162 dubitavit
591 1099 673 1162 Plut.
698 1098 747 1181 [cf.
764 1098 850 1161 Brut.
874 1099 924 1162 16.
942 1095 972 1160 οἱ
994 1090 1030 1160 δὲ
1053 1093 1247 1174 συνωμόται,

215 1201 362 1283 λεγέσθω
378 1198 437 1284 γὰρ
453 1194 554 1272 οὕτως
569 1201 605 1262 cf.
622 1199 708 1263 Brut.
729 1201 776 1263 12.
793 1199 884 1282 extr]
899 1200 934 1263 in
949 1198 1085 1263 Caesaris
1101 1198 1166 1263 uita
1185 1199 1250 1262 iam

216 1302 418 1369 confidentius
441 1304 549 1367 utitur.
595 1302 706 1367 Potest
723 1302 750 1365 si
778 1302 848 1386 quis
875 1302 1069 1382 desiderabit,
1093 1310 1249 1387 praeterea

216 1405 345 1484 ostendi,
363 1405 523 1468 Caesarem
539 1402 681 1468 Cicerone
697 1411 728 1468 et
738 1403 921 1487 Pompeium
936 1404 1032 1468 Bruto
1045 1404 1094 1488 [cf.
1108 1405 1194 1469 Brut.
1208 1405 1249 1468 33

217 1506 410 1594 διηγήσομαι
432 1508 537 1592 Pomp.
555 1506 610 1591 80]
635 1512 665 1570 et
687 1507 852 1571 Camillum
867 1506 1010 1571 Marcello
1034 1507 1180 1591 [cillere.
1204 1505 1248 1589 3.]

217 1609 395 1674 inferiorem
417 1631 490 1688 esse,
515 1608 568 1672 sed
590 1609 648 1672 hoc
670 1630 759 1673 nemo
781 1615 857 1693 puto
880 1608 1077 1673 desiderabit.

302 1711 473 1777 Veniamus
495 1711 559 1774 iam
589 1710 629 1773 ad
651 1710 763 1792 Pyrrhi
793 1716 823 1774 et
844 1710 936 1774 Marii
959 1711 1049 1788 uitas
1079 1730 1157 1792 quas
1180 1716 1251 1793 post

216 1814 414 1896 Lysandrum
437 1821 468 1878 et
490 1815 608 1879 Sullam
638 1814 736 1878 editas
765 1835 830 1877 esse
860 1820 980 1878 constat
1009 1812 1059 1896 [ef.
1083 1814 1159 1878 Mar.
1186 1812 1249 1896 10].

217 1914 349 1978 Easdem
370 1922 441 1999 post
456 1915 628 1980 Sertorium
649 1921 679 1979 et
697 1913 868 1978 Eumenem
892 1915 1076 1999 compositas
1099 1936 1173 1993 esse,
1197 1934 1252 1998 per

219 2037 252 2080 se
275 2016 402 2098 clarum,
427 2039 484 2082 nec
505 2017 771 2100 argumentatione
799 2018 970 2080 eruendum
1000 2023 1053 2081 est.
1100 2015 1150 2099 [cf.
1174 2014 1249 2080 Mar.

217 2122 268 2185 44.
293 2120 405 2185 Sertor.
429 2122 459 2187 3.
483 2120 538 2205 5.].
579 2123 650 2186 Jam
673 2142 743 2185 vero
766 2125 836 2206 post
858 2120 964 2184 Titum
988 2126 1019 2184 et
1040 2119 1251 2204 Philopoeme-

217 2247 289 2288 nem
321 2226 459 2309 Pyrrhus
497 2225 676 2307 divulgatus
713 2224 845 2288 videtur.
902 2225 940 2287 ln
974 2223 1043 2288 Tito
1083 2223 1166 2286 enim
1199 2225 1250 2288 21.

216 2325 436 2406 Hannibalem,
460 2332 611 2404 narratur,
635 2325 812 2390 Alexandro
835 2325 973 2409 palmam
988 2324 1138 2406 omniurn,
1164 2335 1252 2409 quot-

219 2433 295 2506 quot
316 2428 451 2503 fuerunt,
475 2427 591 2489 ducum
611 2426 741 2503 dedisse,
766 2427 920 2509 Pyrrhum
943 2435 1048 2492 autem
1071 2428 1251 2507 secundum,

220 2546 313 2610 seque
335 2527 439 2610 ipsum
463 2529 591 2591 tertium
614 2528 792 2592 declarasse.
832 2530 870 2592 ln
885 2530 997 2612 Pyrrhi
1019 2538 1125 2595 autem
1148 2532 1252 2616 cptc8

218 2629 302 2693 idem
318 2632 378 2695 fere
393 2632 560 2696 memoriae
575 2632 725 2717 proditur,
750 2632 803 2695 sed
819 2633 878 2697 hoc
900 2633 965 2698 loco
983 2634 1120 2699 Poenum
1136 2635 1252 2718 Pyrrho

218 2732 345 2815 primae,
376 2733 514 2817 Scipioni
541 2734 700 2814 secundae,
730 2734 790 2799 sibi
817 2734 924 2800 tertias
950 2736 1098 2801 detulisse
1128 2737 1251 2801 dicitur.

216 2838 288 2901 Jaru
310 2860 382 2903 vero
404 2839 439 2901 in
453 2839 522 2903 Tito
546 2839 603 2903 hac
625 2839 816 2923 expositione
832 2841 931 2923 magis
954 2841 1144 2926 aproposito
1168 2863 1251 2905 anro-

218 2940 282 3002 veri
305 2961 399 3023 quam
421 2940 461 3004 ad
483 2942 576 3005 finem
599 2941 726 3025 propius
754 2942 844 3005 nobis
871 2944 1014 3027 progredi
1036 2943 1196 3024 videmur3
1219 2943 1252 3005 iu

218 3042 336 3124 Pyrrho
360 3045 465 3106 omnia
487 3065 542 3108 suo
564 3044 629 3110 loco
653 3051 735 3110 sunt.
774 3046 893 3110 Deinde
907 3067 979 3111 uero
1002 3048 1035 3111 in
1050 3047 1120 3111 Tito
1145 3048 1252 3113 eedem

219 3147 310 3210 modo
334 3170 394 3231 quo
417 3147 524 3212 Livius
546 3149 688 3232 (XXXV,
714 3149 769 3234 14)
793 3173 861 3216 eam
882 3151 1019 3235 protulit,
1044 3159 1195 3232 narratur,
1221 3152 1253 3215 in

220 3246 337 3329 Pyrrho
353 3248 475 3313 diversa
498 3255 544 3313 est
566 3250 687 3316 aLivio
710 3252 879 3337 ceterisque
901 3252 1049 3318 fontibus.
1088 3253 1252 3318 Probabile

219 3346 314 3428 igitur
336 3351 369 3413 iu
396 3352 466 3415 Tito
495 3373 563 3415 eam
585 3351 682 3416 Plut..
698 3373 761 3417 non
788 3354 977 3420 iniecturum
1003 3357 1107 3437 fuisse,
1137 3358 1163 3420 si
1191 3357 1253 3421 alia

219 3460 291 3517 ante
313 3453 377 3518 iam
400 3457 558 3522 occasione
581 3466 820 3523 commemorata
847 3460 965 3540 fuisset,
996 3468 1065 3525 tunr
1087 3483 1158 3526 vero
1182 3482 1253 3525 cum

219 3555 253 3620 in
268 3557 337 3621 Tito
353 3578 390 3621 ex
412 3559 497 3622 fonte
512 3560 624 3625 hausta
645 3561 680 3625 in
693 3562 811 3644 Pyrrho
828 3569 934 3626 autem
957 3564 1136 3628 ememoria
1158 3565 1254 3628 relata

218 3661 362 3726 rideatur
383 3684 446 3728 non
468 3664 573 3728 minus
600 3667 759 3751 probabile
790 3673 844 3747 est,
873 3668 1030 3749 Pyrrhum
1055 3674 1125 3751 post
1146 3668 1254 3732 Titum

219 3763 338 3828 editum
361 3785 436 3829 esse.
476 3765 605 3849 [Eadem
621 3787 691 3831 vero
715 3788 763 3831 res
786 3767 880 3831 etiam
902 3768 936 3830 in
953 3767 1105 3852 Scipionis
1127 3769 1253 3832 maioris

219 3864 284 3928 uita
306 3874 429 3931 narrata
452 3868 547 3931 fuisse
568 3868 693 3931 ¹uidetur
716 3869 751 3931 ef.
769 3868 876 3950 Pyrrh.
901 3868 955 3952 8.].
991 3870 1150 3934 Praeterea
1173 3891 1252 3933 com-

219 3971 454 4033 memorandum
483 3978 537 4048 est,
567 3971 600 4033 in
626 3969 697 4031 Tito
726 3971 745 4033 b
771 3969 862 4032 illam
890 3992 995 4034 vocem
1025 3972 1128 4035 referri
1159 3993 1254 4055 quarn
