2866 4482
588 261 786 327 ..22-

172 436 292 516 desunt,
315 443 352 501 ut
374 436 441 500 dixi
463 436 498 500 iu
519 435 586 500 vita
608 433 755 514 Cimonis,
787 454 843 497 nec
867 433 979 498 desunt
999 438 1125 498 tantum
1151 435 1204 499 sed

170 542 289 606 habent
311 540 373 606 sibi
395 540 546 625 quiddam
569 539 773 619 contrarium3
797 538 847 602 hic
870 538 953 602 enim
968 537 1050 604 Plut.
1072 538 1204 621 addidit,

172 665 244 708 cum
266 643 469 723 narravisset,
494 641 654 706 Cimonem
675 661 731 726 per
752 639 902 704 Periclem
924 648 1103 706 revocatum
1125 661 1206 707 esse:

172 741 257 811 οὕτω
283 745 357 812 τότε
386 743 552 810 πολιτικαὶ
580 727 664 830 ἦσαν
695 742 728 806 αἱ
756 742 928 826 διαφοραὶ,
958 745 1084 829 με’τριοι
1111 739 1147 809 δέ
1176 745 1208 808 οἱ

170 847 277 930 θυμοὶ
298 845 353 912 καὶ
375 845 457 933 πρὸς
479 845 516 912 τὸ
539 844 650 913 κοινὸν
672 841 889 932 εὐανάκλητοι
911 847 1088 929 συμφέρον,
1117 846 1140 933 ἦ
1170 842 1205 912 δέ

173 952 344 1037 φιλοτιμία
378 951 512 1019 πάντων
546 947 768 1036 ἐπικρατοῦσα
794 953 863 1014 τοῖν
896 952 1019 1016 παθόν
1051 957 1117 1026 τοῖς
1149 954 1207 1038 τῆς

172 1058 327 1142 πατρίδος
360 1055 524 1141 ὑπεχώρει
558 1060 690 1140 καιροῖς.
741 1057 880 1141 Apparet
913 1055 995 1120 Plut.
1026 1076 1097 1119 cum
1130 1056 1206 1120 haec

171 1163 204 1228 in
228 1164 354 1228 Cimone
377 1162 538 1242 scriberet,
562 1161 653 1225 illam
674 1160 851 1246 pactionem
873 1160 911 1223 de
934 1180 996 1245 qua
1018 1160 1052 1224 in
1073 1160 1139 1224 Per.
1166 1161 1206 1225 10

171 1264 370 1345 memoravit,
402 1285 466 1329 nou
489 1263 674 1345 cognovisse.
720 1262 801 1326 Nam
825 1261 961 1326 Cimonis
983 1262 1083 1326 vitam
1104 1261 1132 1326 si
1161 1283 1205 1325 se-

172 1369 313 1455 quimur,
349 1367 523 1432 communis
557 1366 668 1431 salutis
703 1386 797 1429 causa
824 1365 955 1430 Pericles
984 1365 1142 1430 Cimonem
1172 1366 1206 1430 in

170 1473 306 1558 patriam
328 1471 482 1551 restituit,
507 1470 534 1533 si
556 1469 699 1549 Periclis,
729 1470 779 1534 sui
802 1469 956 1533 commodi
978 1469 1131 1534 rationem
1152 1470 1207 1534 ha-

171 1577 250 1642 buit.
287 1570 377 1640 Adde
392 1576 462 1656 huc,
487 1574 570 1659 quod
591 1575 626 1638 in
640 1574 706 1639 Per.
724 1573 766 1638 29
788 1573 881 1639 illum
900 1575 933 1638 iu
949 1574 1085 1639 Cimonis
1105 1575 1207 1639 filium

172 1681 301 1745 inimica
323 1679 491 1747 insolentia
506 1685 537 1744 et
552 1681 661 1744 acerbo
685 1678 754 1744 odio
777 1700 871 1743 usum
893 1700 967 1759 esse,
992 1685 1150 1761 narratum
1172 1680 1207 1744 in

170 1790 318 1870 promptu
346 1789 393 1847 est
419 1782 512 1867 plane
542 1781 638 1845 aliam
666 1781 700 1844 in
722 1781 788 1846 vita
810 1780 918 1845 Pericl.
942 1781 1146 1846 Plutarchum
1169 1782 1207 1847 de

173 1887 348 1952 inimicitiis
372 1886 508 1951 Cimonis
531 1892 563 1950 et
577 1885 704 1951 Periclis
727 1893 821 1971 atque
842 1886 877 1949 in
898 1886 965 1951 vita
981 1887 1117 1953 Cimonis
1138 1909 1207 1974 pro-

171 1992 282 2058 tulisse
311 1991 499 2058 sententiam
528 1989 578 2075 [cf.
602 1990 668 2054 Per.
700 1992 751 2056 29.
782 1980 852 2057 οίον
880 1986 1042 2074 ἐφυβίζοιν
1068 2017 1097 2060 κ.
1126 2016 1153 2058 τ.
1177 1990 1231 2057 λ’

171 2101 202 2158 et
223 2089 278 2157 καὶ
300 2086 384 2165 ὅλοις
406 2090 546 2157 διετέλει
564 2089 712 2157 κολούων
734 2117 761 2159 κ.
784 2115 811 2155 τ.
835 2091 879 2176 λ]
905 2093 993 2156 Idem
1015 2094 1208 2176 cognoscitur

173 2217 211 2260 ex
242 2196 347 2279 Comp.
371 2193 438 2258 Per,
462 2200 493 2258 et
519 2192 594 2259 Fab.
619 2194 639 2257 3
667 2194 723 2259 ubi
750 2193 897 2274 legimus:
926 2188 970 2255 Ἠ
986 2193 1100 2273 μέντοι
1125 2193 1207 2277 πρδς

172 2294 356 2363 Μινούκιον
389 2293 547 2361 ἐπιείκεια
580 2298 641 2360 τοῦ
673 2295 799 2378 Φαβίου
833 2294 889 2358 καί
916 2292 1058 2382 πρᾳότης
1085 2290 1208 2375 ἐλέγχει

170 2400 229 2467 τὸν
257 2399 339 2484 πρὸς
366 2402 501 2483 Κίμωνα
529 2396 583 2463 καὶ
613 2395 818 2486 Θουκυδίδην
846 2398 1060 2481 στασιασμόν,
1089 2395 1207 2484 ἄνδρας

170 2499 320 2586 όγαθοδς
341 2502 395 2568 καὶ
417 2499 700 2588 δριστοκραιικοδς
728 2501 773 2576 εἷς
802 2498 909 2589 φυγὴν
937 2496 995 2567 ὑπ’
1023 2495 1126 2566 αὐτοῦ
1154 2498 1208 2564 καὶ

172 2602 371 2692 τοῦστρακον
393 2602 597 2680 ἐκπεσόντας.
643 2606 746 2670 Aliter
768 2605 863 2688 igitur
886 2605 924 2668 de
946 2604 1063 2669 Pericle
1090 2604 1207 2668 iudica·

170 2713 218 2777 vit
246 2713 280 2778 in
307 2713 375 2778 vita
406 2711 557 2790 Cimonis,
587 2711 677 2776 aliter
705 2711 739 2775 in
766 2710 833 2792 vita
861 2709 1003 2790 Periclis,
1031 2716 1062 2774 et
1088 2710 1147 2773 hoc
1174 2709 1209 2772 in

173 2822 279 2902 aperto
295 2822 350 2895 est,
375 2814 587 2894 Plutarchum,
612 2822 778 2900 postquam
793 2814 887 2878 semel
909 2834 964 2899 per
986 2820 1087 2878 totam
1108 2812 1208 2878 vitam

173 2918 300 2982 Periclis
333 2918 367 2980 in
395 2914 555 2980 Cimonem
590 2937 662 2979 eum
695 2916 740 2979 ita
766 2914 957 2980 malevolum
986 2913 1205 2999 descripsisset,

172 3040 235 3083 non
263 3019 401 3104 potuisse
429 3023 545 3103 postea,
581 3038 652 3080 cum
684 3017 718 3081 in
746 3022 925 3082 transcursu
953 3017 1030 3081 haec
1057 3021 1206 3098 moneret,

171 3124 267 3188 aliam
294 3124 387 3209 plane
415 3145 451 3188 ac
479 3123 635 3188 diversam
669 3122 856 3188 sententiam
889 3124 1037 3206 proferre3
1069 3120 1208 3207 satisque

172 3226 238 3290 iam
260 3233 379 3290 certum
401 3226 526 3291 videtur
548 3226 709 3290 Cimonem
731 3232 804 3290 aute
827 3224 978 3290 Periclem
999 3225 1209 3310 conscriptum

172 3349 246 3394 esse.
293 3326 424 3411 Scripsit
446 3327 542 3410 igitur
565 3328 734 3406 Cimonem,
762 3325 889 3391 Periclis
911 3332 1046 3391 aetatem
1068 3327 1209 3391 nondum

172 3428 347 3493 accuratius
381 3429 622 3513 perquisiverat,
657 3429 697 3493 ad
732 3427 883 3492 Periclem
915 3429 1069 3514 pervenit3
1102 3450 1208 3494 omnes

156 3534 269 3596 »fontes
291 3528 453 3615 pervolvit,
478 3536 658 3616 certumque
681 3531 719 3594 de
742 3530 873 3613 singulis
895 3531 962 3594 eius
983 3530 1073 3596 factis
1097 3530 1206 3594 iudici·

171 3656 226 3699 um
250 3634 381 3719 adeptus
404 3639 459 3713 est,
484 3634 567 3719 quod
588 3640 696 3720 postea
717 3633 773 3698 vix
795 3640 917 3699 mutare
939 3633 1050 3720 potuit.
1097 3633 1207 3716 Itaque

171 3737 197 3801 si
221 3758 301 3822 quae
324 3734 528 3801 inveniuntur
554 3735 693 3801 diversae
722 3737 893 3801 sententiae
923 3735 960 3800 de
986 3734 1113 3798 Periclis
1137 3755 1210 3822 'mo-

170 3842 273 3921 ribus,
297 3847 372 3904 suut
399 3839 459 3903 hae
484 3841 619 3925 profecto
642 3863 661 3905 a
683 3840 849 3906 Plutarcho
872 3839 973 3925 priore
995 3844 1132 3924 tempore
1155 3841 1207 3906 ad·

171 3943 293 4006 missae.
338 3940 481 4021 Accedit,
513 3942 596 4025 quod
617 3943 652 4006 in
673 3942 781 4007 Pericl.
814 3943 853 4006 10
875 3961 947 4004 cum
975 3946 1130 4023 narretur,
1161 3942 1209 4007 Ci-

171 4067 296 4111 monem
329 4044 458 4113 crimine
498 4045 609 4131 capitis
649 4049 895 4115 circumventum
935 4067 1017 4128 esse,
1055 4084 1094 4095 -
1127 4046 1209 4133 quod
