2866 4482
643 247 841 312 ..19-

221 418 321 486 vitam
335 418 462 485 Periclis
477 426 507 484 et
521 419 620 486 Fabii.
645 416 788 505 [Ἔδοξον
803 402 864 487 οὖν
878 415 932 484 καὶ
947 417 1026 506 ἡμῖν
1047 412 1253 505 ἐνδιατρῖψαι

220 522 262 608 τῇ
278 521 360 607 ,περὶ
374 518 450 596 τούς
463 523 553 605 βίους
575 516 771 609 ἀναγραφῇ.
806 522 946 608 Apparet
968 521 1064 604 igitur
1076 521 1204 586 Periclis
1226 527 1258 586 et

221 625 312 693 Fabii
333 627 417 693 vitas
430 626 634 693 Plutarchum
656 648 713 692 sua
735 633 844 711 sponte
865 625 1023 712 scripsisse
1045 633 1082 691 ut
1104 626 1254 706 animum,

222 728 273 792 cui
294 728 390 794 huius
415 728 499 794 vitae
526 728 763 794 consuetudines
790 727 870 793 vitia
898 728 1105 809 infunderent,
1134 729 1174 794 ad
1197 727 1258 793 vir-

189 875 193 881 ·
221 835 328 894 tutum
348 829 454 895 studia
475 830 687 895 transduceret
710 837 740 894 et
761 829 934 895 suscitaret.
972 829 1077 915 Atque
1098 831 1133 894 in
1154 831 1258 895 Timo-

223 933 334 998 leontis
350 934 435 998 vitae
457 935 623 1019 prooemio,
648 955 744 1019 quam
764 940 835 1019 post
849 933 999 999 Periclem
1021 935 1170 1019 scriptam
1193 957 1259 1001 csse

222 1057 285 1101 non
308 1036 432 1101 difficile
462 1044 508 1102 est
537 1037 577 1100 ad
605 1037 891 1118 demonstrandum,
921 1036 1068 1120 legimus:
1102 1033 1175 1120 ἐμοὶ
1196 1032 1260 1120 μὲν

221 1140 466 1227 speccialiter
489 1133 646 1225 ἅψασθαι
667 1135 730 1222 μὲν
758 1141 883 1227 γραφῆς
911 1141 1027 1227 συνέβη
1058 1134 1098 1204 δι’
1120 1140 1258 1227 ἑτέρους,

222 1240 390 1327 ἐπιμένειν
405 1239 441 1309 δὲ
463 1241 517 1308 καὶ
539 1243 734 1329 φνλοχωροίν
747 1240 810 1331 ἤδη
832 1244 886 1310 καὶ
908 1239 948 1308 δι’
972 1241 1123 1327 ἐμαυτόν,
1147 1240 1258 1331 ὥσπερ

222 1344 258 1415 ἒν
280 1344 428 1435 ἐσόπτρῳ
455 1351 498 1436 τῇ
519 1344 642 1434 ἱστορία
670 1346 876 1434 πειρώμενον
904 1349 1100 1431 ἁμῶςγίπως
1128 1355 1259 1430 κοσμεῖν

221 1449 275 1516 καὶ
296 1444 485 1534 ἀφομοιοῦν
508 1447 590 1537 πρὸς
611 1446 667 1524 τοὶς
689 1446 819 1516 ἐκείνων
840 1445 956 1537 αἱρετὰς
976 1448 1035 1516 τὸν
1056 1452 1136 1534 βίον.
1177 1451 1259 1519 Hinc

223 1555 431 1639 colligendum
452 1555 487 1619 in
510 1576 561 1620 eas
582 1555 673 1636 vitae,
697 1577 774 1641 quas
797 1576 869 1619 cum
896 1555 960 1621 iam
989 1556 1165 1621 adamasset
1186 1556 1258 1620 Plu·

222 1659 349 1725 tarchus
371 1679 468 1742 genus
490 1657 549 1724 hoc
570 1657 801 1742 parallelorum,
825 1657 1013 1743 conscripsit,
1039 1659 1147 1723 cadere
1168 1658 1258 1740 illud,

223 1764 307 1849 quod
328 1764 512 1849 plerumque
534 1762 573 1826 de
593 1761 747 1828 universis
769 1761 851 1827 Plut.
868 1762 942 1828 vitis
965 1762 1171 1848 praedicatur,
1196 1783 1259 1827 non

223 1867 369 1934 historias
385 1888 457 1933 eum
472 1867 638 1953 scripsisse,
662 1866 716 1931 sed
731 1866 880 1932 virtutem
903 1873 934 1932 et
948 1888 1037 1933 veras
1060 1866 1214 1932 sentiendi
1229 1874 1261 1932 et

225 1969 337 2050 agendi
351 1969 483 2034 rationes
500 1968 650 2053 exemplis
666 1967 855 2053 quibusdam
870 1967 1053 2035 clarioribus
1068 1969 1256 2051 illustrasse;

225 2069 384 2136 Praecedit
405 2080 511 2138 tamen
526 2072 589 2136 alia
603 2093 675 2158 pars
689 2072 827 2138 vitarum
844 2092 922 2156 quas
942 2072 1075 2137 aliorum
1099 2092 1202 2153 causa,
1228 2079 1259 2137 et

226 2171 297 2237 aliis
319 2174 533 2240 accomodatas
548 2196 610 2238 non
633 2174 730 2239 libero
746 2195 802 2239 suo
818 2174 946 2239 arbitrio
968 2173 1068 2257 elegit,
1092 2174 1258 2259 inquibus

225 2276 375 2341 nimirum
396 2278 565 2363 paullatim
587 2279 732 2343 adhunc
755 2280 810 2365 qui
833 2279 931 2365 ipsius
954 2286 1000 2344 est
1022 2282 1115 2344 finem
1138 2286 1168 2343 et
1190 2300 1260 2364 pro·

224 2381 362 2465 positum
381 2381 525 2466 progredi
547 2381 655 2467 coepit.
690 2382 751 2446 Sed
772 2403 836 2446 non
851 2381 958 2448 statim
973 2384 1013 2448 ab
1035 2382 1126 2447 initio
1151 2383 1260 2447 eadem

224 2483 344 2547 ratione
366 2482 535 2567 eodemque
556 2483 686 2548 arbitrio
715 2483 849 2566 eligendi
878 2505 955 2549 usus
984 2490 1038 2564 est,
1069 2485 1183 2569 quibus
1207 2506 1260 2570 po·

224 2592 300 2650 stea.
337 2584 491 2650 Historias
513 2586 540 2650 si
562 2584 782 2665 desideramus
805 2586 905 2650 multo
928 2585 1042 2650 rectius
1063 2585 1105 2648 ad
1125 2586 1260 2670 primam

224 2694 346 2772 partem
367 2687 506 2752 vitarum
527 2686 749 2769 confugiemus,
774 2687 802 2749 si
824 2686 955 2752 alteram
969 2693 1120 2772 petemus
1144 2687 1183 2751 de
1205 2711 1259 2774 spe

224 2790 353 2856 fortasse
375 2810 614 2874 nonnumquam
636 2788 840 2874 depellamur3
869 2789 932 2853 alia
954 2788 1039 2854 enim
1066 2790 1100 2853 in
1128 2790 1192 2854 illis
1215 2811 1260 2853 se-

225 2899 315 2958 cutus
343 2900 389 2958 est
416 2893 603 2959 Plutarchus
631 2893 694 2957 alia
722 2894 755 2956 in
783 2893 842 2959 his.
887 2893 1017 2978 lamque
1045 2893 1079 2956 in
1106 2893 1147 2956 iis
1175 2893 1259 2974 vitis,

225 3017 302 3080 quas
325 3003 397 3061 ante
412 2995 563 3060 Periclem
585 2995 685 3059 editas
708 3016 773 3060 esse
797 2994 1008 3060 demonstrare
1031 3001 1086 3060 aut
1109 2994 1261 3078 suspicari

110 3159 113 3165 .
224 3099 378 3181 possimus
401 3121 473 3164 cum
503 3099 591 3162 nulla
613 3098 792 3165 inveniatur
819 3099 870 3162 cui
896 3099 1054 3183 praefatur
1080 3097 1162 3163 Plut.
1187 3119 1219 3162 se
1242 3118 1260 3162 a

223 3203 297 3269 vitis
313 3204 492 3284 scribendis,
517 3225 590 3268 cum
604 3203 669 3268 iam
684 3203 756 3268 aliis
778 3204 985 3285 satisfecisset,
1010 3203 1149 3269 recedere
1166 3202 1257 3283 nolle,

226 3311 256 3369 et
277 3304 359 3369 hanc
380 3328 438 3371 sua
460 3312 570 3391 sponte
599 3306 815 3390 composuisse,
844 3326 977 3390 cumque
1005 3306 1148 3392 ineptum
1171 3311 1258 3385 essct,

225 3406 252 3471 si
272 3407 353 3474 Plut.
370 3409 404 3471 in
426 3408 527 3493 prima
549 3428 664 3489 earum,
688 3408 729 3471 ad
752 3429 830 3493 quas
853 3430 870 3472 e
892 3429 950 3473 sua
965 3409 1118 3473 sententia
1141 3429 1259 3491 aggres-

225 3532 277 3574 sus
300 3517 354 3592 est,
383 3511 442 3575 lroc
465 3530 528 3574 non
549 3511 748 3594 praeferetur,
779 3511 969 3594 praeferetur
999 3510 1033 3573 in
1060 3531 1124 3573 una
1152 3531 1259 3573 earum

226 3634 303 3697 quas
324 3620 433 3698 postea
452 3611 557 3691 edidit,
582 3611 732 3676 Periclem
746 3610 882 3696 primam
896 3611 996 3677 vitam
1012 3611 1140 3677 alterius
1162 3612 1260 3696 partis

225 3718 331 3797 fuisse,
360 3737 541 3801 omnesque,
572 3737 651 3800 quae
680 3723 753 3780 ante
779 3715 975 3799 prodierunt,
1005 3715 1138 3780 aliorum
1167 3737 1260 3780 causa

226 3827 389 3905 conceptas
412 3840 486 3899 esse,
509 3817 686 3903 putandum
702 3823 756 3882 est.
794 3815 900 3880 Prima
922 3815 1017 3898 igitur
1036 3837 1108 3901 pars
1122 3816 1260 3881 vitarum

225 3921 446 4007 parallelarum
467 3943 581 3988 novem
608 3921 697 3986 libris
720 3920 946 3998 continebatur,
970 3919 1118 4002 (unorum
1140 3918 1260 4004 primus

225 4022 315 4091 nobis
338 4033 478 4091 servatus
506 4046 570 4090 nou
599 4028 668 4106 est),
699 4024 797 4089 altera
825 4043 844 4086 a
872 4021 951 4087 libro
981 4020 1099 4084 decimo
1133 4021 1260 4085 initium

1023 4139 1056 4194 2*
