2866 4482
350 208 360 223 '
583 235 783 299 -rc-

165 427 196 469 τι
217 404 319 492 βίον]
357 406 397 472 Et
420 427 612 491 quamquam
633 407 794 472 nonnullis
817 407 897 491 bigis
919 408 1057 476 vitarum
1080 429 1200 494 compa·

155 509 299 593 rationes
332 510 436 576 deesse
461 511 620 592 videmus,
655 512 743 577 velut
771 511 973 578 Themistocli
1000 517 1032 577 et
1058 512 1198 593 Camillo,

165 611 282 696 Pyrrho
297 619 328 679 et
342 611 451 693 Mario,
475 612 654 679 Alexandro
677 619 708 679 et
723 612 855 694 Caesari,
878 614 1028 679 Phocioni
1043 621 1073 679 et
1084 614 1200 680 ,Catoni

164 713 305 779 Uticensi
326 720 432 780 tamen
454 713 488 778 in
510 714 643 779 dubium
664 715 768 780 vocari
793 736 857 780 non
883 721 999 801 potest,
1029 716 1106 801 quin
1135 735 1200 780 orn-

164 818 259 885 nibus
280 819 365 900 vitis,
389 840 468 904 quas
491 819 624 902 singulis
646 818 735 886 libris
759 819 920 884 coniunxit
938 820 1200 906 comparationem

164 922 311 988 adiecerit
324 922 520 988 Plutarchus.
554 922 635 987 Nam
650 922 683 986 id
697 924 760 987 fere
776 922 916 988 omnium
932 923 1200 1008 comparationum

165 1046 244 1111 quae
272 1032 412 1091 servatae
440 1031 515 1090 sunt
549 1024 663 1091 nostris
696 1025 887 1111 temporibus
922 1027 1082 1093 exordium
1109 1031 1141 1091 et
1161 1046 1198 1090 ea

165 1128 340 1195 coniunctio
370 1122 442 1194 cum
455 1130 539 1195 ‘vitis
561 1130 639 1215 ipsis
661 1137 722 1210 est,
751 1137 788 1196 ut
809 1131 997 1196 necessarias
1021 1150 1072 1195 eas
1093 1135 1199 1215 partes

164 1230 246 1297 Plut.
276 1231 499 1318 parallelorum
527 1231 666 1296 vitarum
695 1232 889 1298 existimasse
916 1239 1072 1318 appareat.
1123 1232 1198 1296 Con-

163 1337 307 1403 ferendae
344 1345 418 1404 sunt
454 1339 525 1422 Lyc.
565 1345 596 1402 et
631 1338 715 1403 Num
749 1359 847 1424 comp.
885 1345 912 1405 1.
945 1327 1110 1403 Ἀλλ’ἕπεὶ
1142 1334 1199 1403 τὸν

163 1443 264 1522 Νομᾶ
296 1437 350 1505 καί
378 1437 573 1525 Λυκούργου
602 1438 850 1528 διεληλύθαμεν
887 1440 974 1523 βίον,
1005 1435 1199 1520 ἐκκειμένων

163 1541 299 1628 ἀμφοῖν,
321 1544 351 1610 εί
371 1542 426 1608 καὶ
447 1542 594 1626 χαλεπὸν
610 1543 702 1625 ἔργον
718 1538 777 1608 οὐκ
792 1539 996 1629 ἀποκνητέον
1011 1548 1200 1624 συναγαγεῖν

162 1646 220 1722 τὰς
241 1645 410 1732 διαφοράς.
433 1684 476 1696 -
498 1649 603 1733 Comp.
627 1647 697 1731 Lys
727 1655 758 1712 et
780 1647 858 1712 suh.
884 1649 912 1710 1.
955 1641 1053 1711 Ἐπεὶ
1081 1638 1117 1707 δὲ
1144 1642 1198 1707 καὶ

161 1747 280 1814 τοίνυν
302 1745 550 1837 διεληλύθαμεν
575 1749 662 1832 βίον,
699 1747 802 1830 ἴωμεν
829 1744 892 1834 ἤδη
921 1744 1004 1832 πρὸς
1030 1741 1092 1843 τὴν
1119 1743 1193 1826 σίγ-

162 1868 275 1937 κρισιν.
307 1891 347 1904 -
370 1854 475 1939 Comp.
498 1854 565 1919 Nic.
590 1860 621 1919 et
635 1853 735 1918 Crass.
763 1856 788 1917 l.
823 1847 883 1918 Ἐν
905 1846 941 1915 δὲ
969 1852 1012 1936 τῇ
1039 1848 1197 1931 συγκρίσει

165 1978 192 2017 κ.
218 1976 245 2020 ν.
267 1952 298 2022 λ,
321 1991 363 2002 -
387 1955 492 2040 Comp.
517 1954 595 2022 Sert.
617 1961 648 2020 et
663 1953 753 2020 Eum.
771 1951 807 2022 ἐν
828 1956 868 2021 δέ
885 1957 928 2041 τῇ
949 1951 1108 2034 συγκρίσει
1123 1975 1153 2017 κ.
1169 1971 1197 2014 τ.

161 2056 192 2121 λ.
216 2093 258 2104 -
288 2057 393 2142 Comp.
424 2058 517 2141 Ages.
547 2065 578 2124 et
604 2058 711 2143 Pomp.
743 2060 770 2123 1.
797 2052 1014 2139 Ἐκκειμένιον
1042 2038 1103 2129 οἷν
1131 2054 1197 2117 τῶν

161 2161 241 2243 βίαν
274 2157 507 2245 ἐπιδράμωμεν
538 2163 586 2245 aqi
619 2158 705 2244 λόγῳ
734 2162 855 2241 ταχίους
886 2157 926 2228 τὰ
954 2160 1114 2226 ποιοῦντα
1141 2152 1197 2229 τὰς

162 2261 321 2347 διαφορὰς
343 2257 418 2345 παρ’
440 2259 570 2348 ἄλληλα
592 2260 791 2343 συνάγοντες.
816 2276 867 2311 -“
881 2265 986 2350 Comp.
1002 2264 1061 2347 Ag.
1080 2263 1194 2329 Cleom.

162 2367 289 2431 Gracch.
317 2371 343 2430 1.
366 2365 446 2454 ἡμῖν
473 2366 509 2430 δε
537 2361 755 2431 ὑπολοίποισι
780 2365 893 2448 λαβεῖν
919 2363 954 2431 ἐκ
974 2365 1195 2453 παραλλήλου

162 2472 227 2535 τῶν
270 2466 350 2553 βίων
388 2466 450 2555 τὴν
489 2465 724 2553 ἀποθεώρησιν
763 2467 914 2555 aliaeque.
963 2470 1026 2533 Nec
1065 2469 1195 2535 mirum!
1234 2491 1235 2494 ¹

163 2572 245 2649 Quid
261 2572 345 2635 enim
359 2570 518 2657 parallelis
532 2570 607 2635 vitis
630 2569 731 2652 magis
752 2571 963 2635 necessarium
990 2593 1086 2658 quam
1115 2595 1195 2639 corn-

161 2674 303 2760 paratio?
325 2674 389 2737 Nec
411 2675 489 2738 bene
510 2670 663 2735 mehercle
687 2692 759 2736 cum
776 2672 943 2737 Plutarcho
966 2680 1072 2739 nostra
1094 2681 1196 2740 aetate

163 2782 269 2841 actum
297 2783 358 2856 est,
392 2776 476 2861 quod
503 2776 626 2860 saepius
655 2775 689 2840 in
716 2776 906 2841 editionibus
933 2776 1075 2859 singulae
1101 2777 1194 2858 vitae,

162 2900 242 2965 quae
276 2878 459 2944 coniunctae
491 2886 579 2942 erant
613 2877 830 2944 distrahuntur
857 2884 912 2944 aut
940 2879 1194 2964 comparationes

163 2982 253 3066 quasi
275 3001 339 3045 non
361 2979 425 3044 sint
438 2985 541 3065 partes
556 2979 703 3060 vitarum,
726 2980 924 3045 omittuntur.
942 2980 992 3065 [cl.
1009 2980 1194 3045 Schoeman·

161 3083 197 3146 ni
217 3082 386 3148 editionem
407 3080 545 3146 vitarum
566 3081 678 3164 Agidis
701 3089 733 3148 et
755 3082 935 3164 Cleomenis,
960 3081 1098 3147 Sintenis
1121 3083 1194 3149 edit.

162 3185 380 3253 Themistoclis
408 3193 439 3250 et
465 3186 606 3267 PericliS,
641 3186 953 3253 Buechsenschuetzii
978 3187 1196 3255 Demosthenis

163 3298 194 3354 et
216 3290 379 3371 Ciceronis,
403 3289 543 3375 aliasque
564 3291 760 3376 permultas]
805 3291 942 3380 Quodsi
965 3293 1040 3377 quis⁴
1063 3293 1194 3373 dubitet,

162 3417 240 3460 num
262 3394 407 3460 omnibus
430 3394 520 3460 libris
541 3394 673 3460 iniectae
695 3395 811 3460 fuerint
834 3397 1088 3480 comparationes,
1113 3396 1196 3485 quod

161 3504 267 3562 tamen
290 3518 390 3577 nemo,
414 3518 486 3561 cum
508 3498 681 3564 habeamus
703 3499 870 3584 parallelas
892 3500 983 3581 vitas,
1008 3501 1076 3564 iure
1097 3502 1195 3562 facere

161 3601 283 3687 poterit,
307 3601 381 3665 huic
402 3600 474 3666 aliis
497 3622 619 3687 quoque
649 3603 841 3686 argumentis
866 3603 1046 3689 persuaderi
1072 3602 1193 3689 poterit.

162 3702 243 3768 Nam
271 3724 343 3769 curn
372 3723 451 3788 quas
479 3702 560 3768 inter
586 3704 704 3789 primas
732 3705 863 3791 scriptas
892 3727 970 3786 esse,
1000 3725 1139 3790 quasque
1161 3705 1196 3768 in

162 3806 308 3871 extremis
331 3825 550 3888 cognoscamus
572 3808 709 3874 habeant
737 3811 796 3875 hae
824 3831 914 3875 suam
944 3829 1084 3894 quaeque
1114 3828 1195 3873 corn-

162 3908 364 3992 parationem‚
388 3910 586 3995 habeantque
609 3933 671 3978 non
693 3914 798 3980 minus
820 3914 975 3999 plurimae
992 3934 1196 3998 eorumquae

163 4011 243 4075 inter
265 4012 335 4076 illas
357 4014 569 4095 intercedunt,
597 4039 707 4101 negare
735 4042 797 4085 non
823 4019 908 4100 licet,
939 4020 966 4083 si
996 4020 1196 4085 inveniantur
