2866 4482
579 285 772 352 ..4-

162 455 214 536 29,
239 456 382 524 Herculis
403 456 495 524 Thes.
524 459 575 539 29,
604 459 700 525 verba
728 459 862 546 denique
883 451 993 546 ὥσπερ
1016 454 1141 546 εἴρηται
1161 459 1196 522 in

162 562 227 628 rito
248 561 336 629 Galb.
360 564 381 629 2
404 564 445 629 ad
465 563 564 630 vitam
585 564 716 631 Neronis
737 564 896 631 referenda
917 586 992 631 osse.

246 667 369 734 Harum
382 690 454 735 vcro
477 671 701 736 sententiarum
723 672 922 738 conformatio
944 677 999 737 aut
1022 691 1058 736 88
1080 674 1135 749 est,
1159 673 1196 734 ut

162 771 286 837 tertiam
307 793 471 858 personam
486 772 600 838 habeat
623 775 754 839 verbum
776 773 930 840 scribendi
953 773 1003 858 [cf.
1027 772 1118 843 Thes.
1143 772 1195 837 27.

161 873 214 942 36.
236 875 330 941 Num.
357 877 406 942 12.
429 876 517 942 Rom.
541 878 592 943 21.
615 878 709 942 Num.
739 876 769 943 9.
793 876 877 942 Cam.
901 876 954 942 33.
976 877 1044 941 Per.
1067 874 1098 940 9.
1121 872 1193 939 Fab.

161 978 212 1044 22.
241 979 307 1045 Cor.
331 980 382 1050 39.
406 979 474 1047 Alc.
501 981 550 1047 13.
580 981 659 1046 Tim.
685 982 734 1046 13.
760 980 810 1048 33.
840 980 1014 1048 0810888.
1040 979 1090 1044 12.
1113 976 1194 1042 Phil.

160 1082 190 1151 8.
213 1079 291 1150 Mar.
315 1084 345 1149 9.
368 1083 475 1167 Pyrrh.
499 1084 529 1151 8.
545 1084 612 1150 Nic.
636 1083 687 1149 28.
712 1084 810 1150 Crass
836 1084 885 1148 11.
904 1082 997 1166 Ages.
1021 1081 1051 1146 4.
1074 1081 1127 1148 20.
1143 1079 1193 1146 28.

159 1182 267 1270 Pomp.
294 1185 341 1252 16.
366 1184 450 1251 Caes.
473 1186 525 1251 68.
553 1186 605 1251 59.
634 1186 708 1252 Cato
736 1184 788 1250 Ut.
820 1187 848 1250 1.
872 1187 922 1248 22.
950 1184 1003 1253 54.
1027 1184 1077 1250 73.
1101 1183 1193 1250 Ρ188.

160 1285 348 1353 29018818.
376 1287 425 1353 12.
457 1286 508 1352 24.
536 1288 605 1354 Tib.
634 1288 687 1354 Gr.
718 1287 769 1354 21.
800 1286 832 1354 C.
861 1288 912 1352 Gr.
936 1287 987 1354 21.
1012 1287 1043 1354 O.
1068 1288 1119 1355 Gr.
1146 1287 1194 1353 10.

159 1389 219 1456 Dio
241 1390 292 1460 58.
316 1389 403 1456 Brut.
435 1392 465 1457 9.
495 1392 567 1458 Fab.
600 1394 650 1460 19.
678 1392 768 1459 Brut.
800 1391 949 1461 131181.
983 1394 1030 1460 10.
1053 1391 1118 1458 Ν18.
1146 1392 1194 1456 11.

161 1490 245 1560 Caes.
274 1492 326 1560 35.
355 1493 432 1560 Mar.
462 1495 517 1580 29]
546 1502 601 1562 881
628 1503 665 1562 81
692 1497 827 1583 primam
862 1496 941 1581 [Per.
976 1495 1027 1561 22.
1052 1495 1118 1561 Cor.
1141 1494 1193 1562 33.

161 1592 245 1673 Caes,
269 1595 321 1662 62.
337 1594 413 1661 Ant.
430 1597 481 1663 69.
506 1598 590 1663 Caes.
606 1599 678 1684 45];
702 1599 883 1686 saepissime
904 1599 1036 1664 verbum
1057 1595 1195 1680 γράφειν

158 1703 336 1782 usurpatur,
359 1719 574 1785 nonumquam
588 1701 674 1767 aliud
689 1701 777 1767 velut
791 1701 915 1789 δηλοῦν
936 1695 1093 1784 ἀκριβοῦν
1113 1699 1195 1764 ioco·

159 1806 228 1886 ρεῖν
249 1800 405 1889 εἰρῆσθαι
428 1803 507 1888 [Per.
532 1804 583 1870 22.
608 1806 692 1870 Caes.
722 1806 773 1871 62.
802 1807 854 1872 35.
881 1805 933 1871 45.
961 1805 1027 1869 Nic.
1054 1804 1103 1869 11.
1126 1803 1193 1869 Cor.

159 1904 210 1971 39.
234 1905 326 1971 Num.
355 1908 402 1973 12.
425 1910 491 1973 Ν18.
516 1909 567 1976 28.
591 1910 667 1976 Mar.
692 1910 743 1976 29.
766 1909 854 1976 Brut.
880 1910 1022 1976 131118.
1048 1909 1097 1975 13.
1120 1906 1192 1974 Fab.

160 2007 229 2093 19];
264 2009 387 2096 saepius
420 2010 501 2076 nihil
528 2013 568 2078 ad
594 2015 725 2078 verbum
755 2013 909 2078 scribendi
936 2012 1118 2099 apponitur,
1147 2016 1194 2076 est

157 2111 214 2177 ubi
236 2112 369 2178 addatur
391 2106 528 2197 ἀκριβῶς
550 2121 605 2179 aut
618 2112 750 2194 μᾶλλον
772 2120 827 2179 aut
841 2110 881 2179 τὰ
903 2108 980 2180 καθ’
1002 2111 1131 2194 ἕκαστα,
1154 2108 1194 2178 τὰ

158 2209 383 2299 καθ’ἕκαστον,
407 2214 602 2282 aoe’fnocaa
618 2216 699 2302 [Alc.
722 2216 771 2283 13.
789 2217 869 2282 Tim.
888 2216 937 2282 13.
961 2216 1099 2283 Ν18.28.
1123 2216 1191 2282 Tib.

159 2320 211 2385 Gr.
234 2320 285 2385 21.
309 2319 368 2385 1118
390 2319 592 2385 5881819.
610 2320 693 2384 Caes
717 2320 768 2386 35.
786 2319 861 2384 Mar.
888 2318 966 2405 10.];
988 2322 1051 2385 fere
1073 2340 1195 2405 semper

159 2421 235 2487 haec
256 2422 351 2487 verba
372 2442 444 2487 cum
463 2421 715 2488 antecedentibus
738 2421 868 2487 relativa
883 2422 1035 2508 particula
1049 2428 1104 2488 aut
1125 2443 1193 2507 pro·

158 2524 283 2591 nomine
305 2525 548 2609 coniunguntur,
573 2532 609 2592 ut
630 2526 758 2591 initium
780 2548 887 2593 eorum
910 2527 960 2607 sit,
991 2526 1033 2601 ὥς
1060 2520 1096 2592 ic
1117 2530 1194 2610 τοῖς,

158 2630 200 2705 ὥς
220 2629 351 2713 μᾶλλον
371 2625 408 2695 ἕν
429 2635 505 2713 τοῖς,
527 2632 606 2716 περὶ
632 2616 674 2695 orl
699 2626 740 2696 δι’
768 2630 903 2718 ἑτέρων,
931 2626 971 2697 ὃν
992 2625 1030 2696 δὲ
1057 2627 1193 2713 τρόπον,

158 2731 281 2816 aliaque
303 2731 427 2811 similia,
452 2732 558 2796 minus
581 2753 671 2818 saepe
694 2733 897 2799 exordiuntur
918 2755 938 2798 a
959 2732 1120 2819 particulis
1143 2732 1193 2795 de

127 2906 130 2911 ,
158 2834 381 2914 monstrativis,
406 2834 493 2899 velut
507 2829 594 2901 ἀλλὰ
608 2837 711 2900 ταῦτα
725 2832 797 2918 μὲν,
820 2833 898 2917 περὶ
913 2816 974 2900 odo
994 2831 1119 2901 τούτων
1142 2833 1191 2918 [81.

158 2937 252 3002 Num.
279 2938 328 3003 12.
351 2936 420 3004 Alc.
448 2936 495 3002 13.
525 2936 606 3002 Tim.
632 2937 681 3003 13.
705 2938 771 3002 Nic.
802 2937 852 3002 28.
878 2935 951 3002 Cato
977 2934 1101 3001 11154.
1125 2935 1191 2999 Per.

158 3039 224 3126 22].
262 3040 329 3105 Η88
350 3046 456 3105 tamen
478 3060 583 3106 omnes
605 3041 764 3121 forticulae,
789 3038 995 3124 quodcunque
1017 3045 1064 3103 cst
1087 3059 1193 3103 earum

157 3142 294 3223 initium,
324 3143 531 3229 quodcunque
552 3150 722 3229 usurpatur
748 3144 888 3223 verbum,
918 3142 985 3209 sive
1011 3141 1193 3228 simpliciter

158 3267 194 3311 ac
216 3245 300 3309 nude
314 3246 468 3330 profertur
482 3247 614 3312 verbum
636 3245 799 3325 scribendi,
822 3246 888 3311 sive
902 3245 1023 3330 aliquid
1037 3244 1192 3310 adiectum

158 3349 268 3428 habet,
297 3348 357 3413 nisi
384 3348 430 3414 118
457 3371 529 3413 cum
559 3348 750 3434 reliquorum
776 3349 942 3414 vorborum
964 3349 1117 3415 sententia
1138 3355 1194 3414 aut

158 3457 303 3518 contextu
325 3450 514 3531 coaluerunt,
538 3456 583 3531 ut,
608 3451 718 3517 deletis
747 3451 796 3531 iis,
820 3451 1046 3517 sententiarum
1067 3450 1194 3518 vincula

157 3561 351 3640 rumpantur,
386 3554 413 3618 si
440 3553 567 3639 quidem
593 3553 687 3618 tertia
714 3574 845 3638 persona
873 3555 1005 3620 verbum
1031 3554 1193 3640 pronunti-

157 3666 245 3725 atum
273 3664 328 3738 est,
350 3655 497 3723 facillime
525 3658 564 3721 ab
586 3657 635 3736 iis,
671 3656 725 3741 qui
759 3656 901 3740 legebant
928 3658 1010 3725 Plut.
1038 3658 1129 3738 vitas,
1158 3657 1193 3721 in

157 3761 296 3844 margine
310 3761 461 3844 ascriptae
484 3767 515 3824 et
529 3758 641 3823 deinde
663 3759 697 3823 in
712 3766 833 3825 textum
855 3782 874 3825 a
895 3761 1031 3827 librariis
1053 3767 1193 3847 receptae

158 3884 224 3927 esse
238 3867 386 3946 possunt,
409 3861 591 3944 praesertim
614 3883 685 3926 cum
707 3861 741 3925 in
755 3862 817 3926 fine
838 3861 1033 3947 singulorum
1054 3863 1194 3948 capitum

157 3969 212 4027 aut
239 3964 376 4028 vitarum
404 3961 528 4045 saepius
555 3961 692 4027 adiectae
718 3963 927 4029 inveniantur.
979 3963 1108 4030 Factum
1135 3965 1194 4030 hoc

158 4084 225 4127 8888
251 4062 462 4147 compluribus
491 4063 576 4143 Iccio,
610 4066 655 4130 ita
688 4073 724 4131 ut
753 4067 907 4146 omuibus,
943 4067 1004 4132 nisi
1038 4069 1192 4150 puriores
