2866 4482
641 272 842 337 *27-

220 441 286 528 ἄρα
312 439 478 532 μεταβολὴ
509 443 647 527 φύσεως,
676 439 748 511 ἀλλ’
777 438 930 521 ἐπίδειξις
958 422 1002 509 ἕν’
1023 438 1116 530 ἀδείᾳ
1142 444 1254 521 κακίας

222 542 333 611 nolio
346 545 464 631 χρόνον
478 542 531 639 dccl
548 543 654 629 φόβον
668 540 895 632 ἀγνοηθείσης.
928 545 1035 632 Atque
1048 546 1138 611 facilc
1164 546 1255 611 intel·

220 652 303 716 lectu
327 657 381 731 est,
405 653 500 717 verba
526 650 583 714 illa
605 651 689 716 vitae
716 650 823 715 Sullae
851 672 908 715 neo
935 651 1040 715 minus
1069 653 1164 716 verba
1186 652 1253 716 Ser·

220 757 294 821 terii
315 762 388 821 ante
402 757 537 820 Aratum
553 755 726 840 conscripta
748 776 823 836 esso,
848 777 922 821 nam
944 756 978 820 in
994 757 1052 821 hoo
1075 756 1116 820 ad
1138 762 1253 820 certam

221 864 251 923 et
272 856 458 943 philosopho
482 857 609 940 diguam
637 857 825 922 sententiam
846 857 929 923 Plut.
952 858 1102 943 pervenit,
1133 857 1253 922 inillis

220 961 317 1026 aliam
330 962 454 1047 profert,
485 983 565 1045 quae
586 968 693 1027 tamen
715 982 819 1026 secum
842 963 912 1047 ipsa
932 969 1060 1049 pugnat,
1084 968 1140 1027 aut
1161 983 1253 1046 quae-

220 1063 353 1137 stionem
368 1063 508 1128 nondum
531 1063 593 1128 sibi
614 1064 750 1128 solutam
772 1084 839 1128 esse
861 1064 1023 1147 significat.
1041 1057 1044 1067 ’
1062 1063 1122 1130 Sed
1144 1063 1253 1128 diffici-

219 1165 281 1230 lius
305 1172 360 1246 est,
384 1166 598 1245 internoscere,
622 1171 730 1230 utrum
752 1165 839 1250 prius
863 1166 903 1230 ad
925 1165 981 1229 illa
1003 1167 1098 1230 verba
1113 1164 1250 1244 Sertorii,

219 1289 261 1332 an
283 1268 324 1332 ad
339 1268 445 1334 Sullae
468 1267 638 1347 accesserit,
663 1267 813 1332 contendo
828 1266 928 1331 nihilo
943 1267 1057 1348 minus,
1082 1267 1254 1333 Sertorium

219 1379 292 1438 ante
324 1372 447 1438 Sullam
480 1372 689 1458 conscriptum
717 1393 791 1437 esse.
843 1371 1064 1436 concludimus
1098 1371 1182 1435 enim
1214 1394 1254 1437 ox

218 1473 323 1538 Photii
351 1474 427 1539 bibl.
457 1474 522 1538 cod.
553 1473 611 1538 161
642 1496 672 1559 p.
703 1474 767 1538 104
794 1495 815 1537 u
843 1474 885 1538 25
913 1494 958 1556 sq.
988 1474 1034 1538 ed.
1063 1473 1156 1538 Bekk.
1179 1474 1252 1538 Plu·

218 1579 363 1643 tarchum
378 1578 538 1664 proprium
553 1578 591 1642 de
605 1578 665 1641 hac
680 1599 713 1641 re
735 1578 853 1644 librum
876 1577 1094 1663 conscripsisse
1117 1575 1253 1662 [σύκγεο-

216 1704 270 1747 τοο
291 1684 328 1748 δε
350 1676 439 1767 αὐτῷ
460 1679 514 1745 καὶ
538 1679 572 1747 ἐκ
594 1685 660 1746 τοῖν
682 1679 898 1767 Πλουτάρχου
921 1679 998 1766 περὶ
1024 1684 1085 1746 τοῦ
1107 1685 1178 1755 ποῖς
1204 1682 1256 1747 δοῖ

217 1784 276 1854 τὸν
296 1788 373 1854 νέον
400 1781 533 1852 ἀκούειν
559 1788 626 1853 τοῖν
654 1784 848 1874 ποιημάτων
875 1787 954 1870 περί
978 1807 1014 1851 νε
1042 1784 1171 1868 φύσεως
1199 1783 1253 1851 καὶ

218 1890 340 1974 πόνων,
373 1887 498 1966 lincam
526 1889 647 1955 πολλοὶ
679 1888 839 1966 πολλάκις
861 1888 953 1976 πόνῳ
983 1887 1166 1979 τὴνφύσιν
1194 1886 1254 1955 οὐκ

217 1975 258 2058 εὖ
287 1993 472 2079 φερομένην
500 1989 671 2076 ὤρθωσαν,
707 1990 812 2078 ἕτερον
842 1988 878 2057 δὲ
909 1992 1016 2069 καλοῖς
1048 1988 1186 2073 ἔχουσαν
1219 1991 1255 2072 ἕξ

216 2093 370 2179 casceca
390 2097 587 2182 διέφθειρον
607 2122 635 2164 κ.
652 2120 679 2162 ο.
696 2097 741 2182 t]
778 2098 871 2163 Hunc
890 2098 971 2163 inter
987 2097 1093 2162 Sullae
1116 2103 1147 2163 et
1161 2097 1253 2162 Arati

218 2203 319 2268 vitam
341 2203 549 2287 compositum
571 2224 638 2267 esse
653 2209 796 2289 apparet,
819 2225 894 2267 nam
916 2203 950 2267 in
965 2202 1071 2267 Sullae
1087 2201 1162 2282 vita,
1187 2222 1253 2267 rem

217 2304 341 2391 proprio
364 2304 478 2368 etalio
501 2304 581 2370 libro
604 2326 637 2368 se
659 2311 920 2390 pertractaturum
944 2325 1009 2369 esse
1031 2304 1194 2390 promittit,
1219 2304 1253 2368 in

215 2407 314 2470 Arato
342 2412 458 2475 certam
486 2426 577 2470 suam
605 2406 791 2471 sententiam
813 2407 942 2492 profert.
992 2408 1061 2470 Iam
1088 2428 1160 2472 vero
1184 2408 1252 2472 Ser-

215 2508 288 2572 torii
310 2508 377 2572 vita
399 2508 427 2571 si
448 2514 519 2593 post
534 2507 655 2572 Sullam
678 2507 763 2572 edita
785 2514 873 2588 essct,
897 2515 953 2573 ant
975 2507 1057 2572 inter
1076 2508 1199 2573 Sullam
1221 2515 1252 2574 et

215 2613 307 2677 illum
329 2612 446 2677 librum
468 2619 524 2677 aut
549 2612 631 2678 inter
656 2612 741 2676 hunc
769 2619 800 2676 et
820 2612 956 2677 Aratum
984 2613 1127 2696 ponenda
1157 2618 1250 2694 esset;

216 2717 299 2800 quod
314 2724 483 2800 utrumque
505 2716 579 2781 ferri
593 2738 656 2781 non
678 2722 794 2802 potest,
817 2738 892 2781 nam
914 2737 986 2780 cum
1008 2717 1042 2780 in
1056 2717 1162 2781 Sullae
1184 2717 1251 2782 vita

215 2820 271 2884 alii
286 2820 390 2902 generi
412 2820 598 2904 scriptorum
617 2820 699 2884 hanc
714 2819 929 2904 quaestionem
944 2819 1115 2902 assignaret
1137 2820 1171 2882 in
1186 2819 1250 2883 alia

215 2924 327 2988 deinde
348 2924 416 2990 vita
436 2925 622 3010 priusquam
650 2925 690 2988 ad
716 2925 879 3011 proprium
906 2925 998 2989 illum
1027 2923 1144 2989 librum
1167 2945 1249 2989 acce·

214 3026 309 3105 deret,
337 3048 444 3091 rursus
466 3026 550 3092 Plut.
574 3027 704 3092 candem
731 3027 872 3109 attigisse
900 3032 932 3092 et
958 3027 1042 3091 malo
1070 3027 1163 3091 modo
1191 3027 1250 3091 scl-

215 3129 307 3210 visse,
330 3152 393 3195 non
416 3137 462 3195 est
483 3130 670 3216 putandum,
693 3152 750 3195 nec
772 3130 839 3196 veri
861 3130 996 3195 similius
1019 3138 1074 3210 est,
1099 3151 1170 3195 cum
1197 3153 1252 3217 ap-

213 3240 331 3320 pareat,
355 3256 450 3318 quam
473 3235 660 3300 sententiam
681 3235 715 3299 in
737 3235 791 3299 illo
807 3237 931 3322 proprio
954 3235 1034 3300 libro
1055 3236 1187 3321 adeptus
1209 3236 1252 3301 sit

214 3358 253 3400 ex
275 3335 342 3401 vita
364 3336 465 3417 Arati,
497 3343 567 3422 post
595 3336 686 3401 illum
715 3336 840 3417 librum,
870 3337 949 3402 talia
977 3359 1049 3402 cum
1078 3340 1174 3402 verba
1197 3337 1249 3402 acl-

212 3437 345 3516 misisse,
369 3438 476 3522 qualia
497 3439 531 3502 in
554 3440 688 3504 Sertorio
711 3440 900 3504 invenimus.
945 3440 1056 3525 Itaque
1079 3439 1250 3506 Sertorium

213 3548 285 3607 ante
308 3541 431 3608 Sullam
451 3544 630 3628 ponendum
652 3551 813 3628 totamque
835 3544 916 3609 hanc
938 3546 1072 3610 remita
1094 3544 1249 3629 explican-

200 3641 288 3707 ‘dam
310 3650 401 3730 puto:
426 3644 523 3709 Suam
546 3645 608 3711 sibi
629 3646 664 3711 in
685 3647 752 3712 vita
774 3647 902 3713 Sertorii
930 3647 968 3711 dc
995 3648 1034 3711 iis
1058 3646 1248 3725 hominibus,

213 3748 270 3831 qui
289 3749 428 3833 primum
451 3749 525 3814 boni
548 3757 578 3815 et
600 3750 732 3831 honesti,
759 3759 867 3837 postea
896 3752 935 3816 de
961 3758 1045 3817 recta
1066 3751 1119 3815 via
1148 3750 1249 3814 deces-

213 3852 290 3916 sisse
313 3853 510 3935 videbantur,
534 3855 626 3920 tinxit
648 3857 850 3938 sententiam3
873 3857 927 3920 sed
949 3857 1035 3935 haec,
1059 3876 1155 3939 quam
1178 3874 1248 3918 oon-

212 3961 343 4038 ceperat,
367 3955 473 4039 paullo
495 3963 566 4040 post
588 3957 616 4020 ei
639 3956 763 4021 infirma
777 3958 956 4039 uidebatur3
979 3958 1044 4020 iam
1066 3957 1162 4040 igitur
1184 3977 1250 4020 rem

212 4055 389 4120 accuratius
404 4056 640 4140 disquirendam
663 4057 724 4123 sibi
738 4059 913 4143 proposuit,
937 4058 1118 4141 disquisivit
1138 4065 1168 4122 et
1189 4056 1248 4123 lib·
