2866 4482
604 269 809 335 ..26..

187 440 364 526 expositum
386 462 465 523 esse,
488 449 519 507 et
542 462 733 528 quamquam
755 443 819 508 11111
842 444 954 526 verbis,
979 445 1094 531 quibus
1116 446 1222 511 lauda-

185 549 238 607 tur
259 544 424 609 Marcellus
438 546 527 610 nulla
548 568 673 632 prorsus
696 547 864 612 auctoritas
880 555 936 627 est,
959 555 1074 628 tamen,
1098 549 1173 634 quia
1188 549 1222 613 in

187 645 305 725 Crasso,
329 668 408 730 quae
429 647 523 712 fucrit
544 648 600 712 illa
622 648 734 729 ovatio,
758 670 821 713 non
843 649 1024 734 explicatur,
1037 650 1223 735 ¹explicatur

185 750 360 815 accuratius
375 751 408 814 in
423 752 489 816 vita
503 752 649 833 Marcelli,
666 753 743 817 haec
757 754 840 838 prior
863 754 977 839 scripta
992 754 1125 820 videtur.
1163 755 1222 819 His

185 852 281 934 igitur
302 855 492 935 argumentis
520 855 643 918 innisus
669 854 850 940 Pelopidam
879 865 910 921 et
937 856 1120 920 Marcellum
1151 864 1223 923 ante

185 957 335 1021 Periclem
358 959 544 1044 conscriptos
568 980 634 1023 esse
656 961 875 1025 contenderim.
920 960 1138 1025 Alia-adicere
1160 981 1223 1026 non

185 1061 271 1142 licet,
293 1083 368 1126 nam
391 1085 582 1148 quamquam
609 1065 840 1129 concedendum
867 1072 923 1146 est,
953 1066 988 1129 in
1014 1066 1160 1130 omnibus
1182 1066 1222 1130 iis

185 1163 327 1228 fonnulis
351 1164 548 1246 laudationis,
574 1186 652 1250 quas
675 1187 737 1230 non
760 1166 960 1232 aPlutaroho
982 1168 1133 1251 profectas
1156 1188 1223 1232 esse

186 1272 241 1331 aut
256 1265 504 1330 demonstratum
520 1272 574 1346 cst,
598 1274 654 1332 aut
669 1267 810 1333 absoluto
827 1268 941 1347 libello,
966 1268 1108 1348 elucebit,
1132 1289 1222 1333 num-

186 1387 281 1453 quam
302 1368 449 1454 usurpari
470 1369 600 1433 verbum
623 1367 787 1454 εἰρῆσθαι,
810 1368 844 1432 in
866 1368 941 1434 Feb.
967 1369 1006 1434 19
1030 1376 1135 1435 autem
1157 1369 1223 1434 lau·

185 1474 275 1538 detur
290 1473 455 1538 Marcellus
469 1473 520 1537 his
534 1473 652 1541 verbis:
676 1467 786 1558 ὥσπερ
809 1471 845 1540 ἐν
862 1480 930 1549 τοῖς
945 1471 1022 1557 περὶ
1044 1469 1148 1549 αὐτοῦ
1170 1496 1222 1556 γε·

185 1576 380 1660 γραμμίνοις
394 1572 528 1660 εἴρηται,
551 1580 656 1639 tamen
671 1575 785 1639 rectius
797 1575 832 1639 si
854 1575 1049 1641 intellectum
1071 1584 1125 1655 est,
1142 1577 1223 1642 Mar·

186 1676 299 1741 cellum
321 1683 394 1741 ante
409 1675 542 1742 Fabium
565 1676 716 1761 scriptum
731 1698 805 1757 esse,
830 1677 931 1742 dicere
945 1697 1121 1762 possumus,
1145 1678 1222 1742 haec

186 1783 281 1847 verba
304 1782 374 1867 plus
396 1781 502 1866 paullo
526 1780 597 1845 aliis
621 1781 814 1847 auctoritatis
837 1782 959 1862 habere,
992 1803 1087 1867 quam
1111 1804 1149 1846 ex
1170 1783 1239 1848 his.

185 1886 288 1952 verbis
312 1884 502 1966 concludere,
532 1885 666 1951 Fabium
693 1892 764 1970 post
791 1885 973 1951 Marcellum
1001 1886 1121 1953 editum
1144 1908 1219 1953 esse.

270 1990 402 2054 Restant
430 1988 492 2052 tria
518 1988 593 2070 iuga
618 1988 765 2068 vitarum,
800 2009 880 2072 quae
913 1994 984 2054 ante
1011 1989 1162 2056 Periclem
1190 1998 1221 2057 et

186 2093 322 2158 Fabium
344 2092 516 2177 composita
538 2112 604 2156 esse
626 2091 821 2172 coniecimus,
846 2112 979 2176 quorum
994 2093 1166 2159 Sertorium
1189 2101 1221 2159 et

185 2197 355 2261 Eumenem
366 2200 438 2259 ante
451 2195 573 2260 Sullam
588 2203 619 2260 11
629 2195 837 2278 Lysandrum,
853 2196 996 2277 Agidem,
1014 2196 1216 2275 Cleomenem,

186 2298 340 2363 Gracchos
363 2303 435 2362 ante
449 2297 630 2384 Pelopidam
653 2305 683 2363 11
698 2298 890 2378 Marcellum,
915 2298 1063 2363 Catonem
1084 2297 1218 2381 denique

185 2390 370 2468 Uticensem
387 2410 417 2467 et
436 2402 623 2467 Phocionem
642 2408 714 2466 ante
728 2402 901 2467 Aristidem
924 2410 954 2468 et
968 2402 1114 2467 Catonem
1131 2402 1219 2467 Oens.

186 2504 374 2590 conscriptos
396 2503 503 2584 videri,
527 2503 592 2567 iam
615 2506 849 2590 comprobemus
872 2510 1000 2589 oportet.

271 2609 376 2694 Atque
398 2609 570 2674 Sertorium
593 2609 720 2694 quidem
749 2615 779 2675 et
800 2609 971 2674 Eumenem
1000 2615 1073 2674 ante
1100 2607 1221 2674 Sullam

185 2714 392 2800 compositum
406 2734 482 2794 esse,
506 2722 607 2778 unum
621 2714 679 2778 hoc
701 2713 767 2778 lcco
784 2719 1002 2793 argumentum
1025 2713 1221 2798 expluribus

186 2818 405 2904 depromimus,
430 2824 466 2882 ut
481 2823 636 2903 appareat,
660 2837 723 2881 non
744 2824 858 2880 temere
878 2836 935 2879 nos
958 2837 1010 2879 cas
1025 2818 1117 2896 vitas,
1142 2837 1220 2900 quas
1254 2877 1258 2882 .

187 2942 248 3007 quo
271 2920 337 2986 1111
352 2921 512 3006 ponendae
535 2920 606 2998 sint,
631 2918 702 2981 seiri
724 2937 786 2981 non
806 2937 895 3002 posse
918 2916 1077 2982 contendit
1091 2917 1221 2981 Lionius

185 3027 266 3112 (epe.
283 3025 331 3089 ΠΙ
353 3025 380 3109 ξ.
404 3024 462 3108 26)
484 3022 579 3108 priori
600 3022 683 3107 parti
704 3022 843 3087 vitarum
864 3020 1038 3104 ingessisse.
1077 3022 1223 3106 Legimus

185 3129 281 3212 igitur
302 3129 336 3192 in
351 3129 418 3193 vita
432 3126 560 3192 Sertorii
583 3131 659 3212 cpte.
679 3127 719 3191 10
738 3126 826 3191 haec:
845 3119 943 3207 Ἐμοὶ
966 3119 1002 3189 δὲ
1023 3119 1145 3213 ἀρετὴν
1159 3121 1223 3206 μὲν

187 3230 344 3317 εἰλικρινῆ
366 3226 420 3297 καὶ
441 3226 522 3294 κατὰ
545 3226 645 3311 λόγον
661 3230 863 3294 cvera-accae
887 3221 946 3292 οὐκ
968 3223 1010 3292 ἄν
1032 3249 1114 3293 ποτε
1136 3228 1226 3292 δοκεῖ

186 3329 329 3418 rigniaco
351 3327 504 3416 ἐκστῆσαι
526 3329 609 3416 πρὸς
622 3324 822 3411 τούναντίον,
845 3325 952 3404 ἄλλοις
970 3325 1006 3393 δὲ
1021 3331 1225 3413 προαιρέσεις

185 3431 240 3498 καὶ
262 3431 375 3516 φύσεις
402 3431 538 3519 χρηστὰς
566 3431 634 3498 dard
657 3433 836 3515 συμφορῶν
853 3428 1008 3512 μεγάλων
1037 3432 1112 3514 παρ’
1131 3429 1225 3507 ἀξίαν

186 3537 390 3610 κακωθείσας
412 3531 470 3599 οὐκ
491 3531 654 3601 ἀδύνατον
679 3537 727 3620 τῷ
746 3534 876 3614 δαίμονι
898 3532 1159 3616 συμμεταβαλεῖν
1186 3531 1224 3596 τὰ

185 3625 282 3727 ἦθος.
327 3642 373 3705 De
402 3640 509 3705 eadem
531 3660 603 3705 vero
626 3661 659 3704 re
685 3640 719 3703 in
747 3638 854 3703 Sullae
881 3638 949 3702 vita
977 3644 1053 3723 cpte.
1077 3639 1119 3702 30
1148 3637 1226 3701 haec

188 3746 311 3831 scripsit
325 3745 423 3809 Plut.:
450 3745 559 3810 Τοῦτο
574 3736 637 3824 μὲν
658 3725 720 3808 οὖν
734 3739 799 3806 εἴτε
821 3742 944 3827 κίνησίς
966 3736 1033 3804 ἐστι
1054 3737 1109 3803 καὶ
1130 3762 1225 3821 μετα-

187 3847 268 3934 βολὴ
292 3851 353 3934 τῆς
376 3846 504 3943 φύσεως
525 3841 593 3911 ὑπὸ
617 3843 723 3933 τύχης,
755 3843 819 3910 εἴτε
849 3843 980 3926 μᾶλλον
1008 3843 1227 3932 ὑποκειμένης

187 3949 402 4037 ἀποκάλυψις
424 3947 459 4017 ἐν
474 3944 602 4035 ἐξουσίᾳ
617 3951 729 4025 κακίας
743 3949 837 4033 ἑτέρα
851 3958 899 4024 τις
914 3944 956 4013 ἂν
971 3949 1122 4035 διορίσειε
1144 3971 1226 4050 πρυ-

190 4052 335 4133 γμοιτεία,
358 4052 392 4115 in
407 4054 497 4118 Arati
519 4053 652 4139 denique
666 4055 734 4119 rita
749 4059 826 4140 cptc.
843 4052 883 4119 51
908 4058 968 4118 est:
989 4051 1028 4118 τὸ
1052 4054 1092 4118 δέ
1111 4048 1169 4117 οὐκ
1184 4050 1227 4138 ἦν
