2866 4482
583 242 782 306 -44..

164 418 248 483 hunc
262 423 292 482 et
314 418 383 483 illos
398 417 593 481 interiectum
609 422 682 495 erat,
706 415 840 482 brevitor
854 415 1043 502 percensuit3
1067 415 1094 478 si
1109 422 1201 481 autea

165 524 205 589 ad
227 523 334 587 Titum
361 541 521 605 aggressus
548 527 637 601 esset,
660 521 694 584 in
716 522 787 587 Tito
816 522 881 601 hoc,
912 542 975 585 non
1001 520 1036 584 in
1063 520 1200 586 Aemilio

164 631 282 694 iactum
316 634 403 692 esset.
431 662 474 674 —
501 626 678 692 Alexandro
706 647 778 691 vero
812 633 844 690 et
877 625 997 691 Caesari
1016 624 1138 689 'Titum
1170 633 1201 691 et

164 730 337 795 Aemilium
358 729 588 815 anteponendos
611 749 676 793 esse
697 729 787 794 facile
809 727 946 810 intellegi
968 733 1078 812 potest.
1119 728 1200 793 Nam

164 833 302 917 primum
324 854 361 896 ex
377 833 479 897 verbis
496 832 581 896 Caes.
598 830 655 896 35:
678 831 720 904 ιός
742 827 778 896 ἓν
792 836 860 905 τοῖς
881 825 958 912 περὶ
981 824 1106 895 έκείνον
1128 852 1200 913 γρα-

166 935 363 1020 φησομένοις
385 931 424 999 τὰ
439 928 635 1000 καθ’έκαστα
654 932 884 1021 δηλωθήσεται
900 940 930 998 et
945 934 1028 999 Caes.
1045 933 1102 998 45:
1122 926 1203 998 ’Ati’

95 1102 100 1109 ,
165 1023 260 1112 οὗτος
281 1074 324 1086 -
339 1037 506 1125 δηλοῦμεν
527 1032 564 1103 ἐν
585 1044 652 1111 τοῖς
674 1034 750 1122 περὶ
772 1034 897 1102 ἐκείνου
912 1035 1099 1122 γράμμασιν
1121 1057 1200 1121 quae

165 1142 215 1207 ndn
232 1141 414 1226 Pompeium
447 1140 602 1205 referenda
631 1147 719 1220 sunt,
755 1139 962 1221 cognoscitur,
997 1138 1201 1205 Plutarchum

163 1243 290 1328 Pompei
312 1243 411 1308 vitam
438 1241 582 1306 continuo
611 1248 680 1327 post
702 1242 863 1307 Caesarem
890 1242 1056 1327 scripsisse,
1087 1241 1202 1326 quippe

165 1348 253 1411 cuius
275 1344 429 1410 scribendi
450 1345 614 1410 consilium
632 1345 697 1409 iam
717 1366 789 1408 cum
810 1345 844 1408 in
866 1345 993 1409 Caesare
1016 1351 1198 1424 versaretur,
1255 1378 1260 1385 .

166 1448 363 1534 suscepisset,
386 1448 432 1512 ita
454 1455 491 1512 ut
513 1468 592 1532 quae
614 1448 698 1512 vitae
720 1447 866 1533 Pompeio
887 1447 1003 1533 priores
1025 1448 1097 1528 sint,
1128 1447 1199 1512 Cae-

165 1552 227 1618 sari
253 1572 376 1638 quoque
403 1551 459 1615 has
487 1557 671 1636 anteponere
705 1551 882 1616 debeamus.
928 1551 974 1615 Ex
1003 1551 1066 1615 Titi
1096 1557 1200 1616 autem

164 1660 231 1740 opte
256 1654 297 1718 10
318 1652 374 1718 ubi
394 1653 541 1735 legimus:
563 1651 659 1716 Aleia
681 1646 717 1715 δὲ
739 1646 760 1738 ἦ
782 1654 844 1715 τοῦ
865 1644 960 1734 ἀέρος
981 1651 1079 1739 ῥῆξις.
1119 1642 1198 1716 ὅταν

165 1754 224 1840 γὰρ
247 1753 340 1842 φωνὴ
364 1750 475 1840 πολλὴ
499 1749 553 1817 καὶ
575 1750 702 1838 μεγάλη
726 1754 866 1838 φέρηται
893 1750 1121 1834 διασπώμενος
1141 1753 1199 1819 ὕπ’

165 1853 266 1943 αὐτῆς
299 1853 359 1922 οάκ
393 1850 568 1940 ἀντερείδει
596 1861 663 1929 τοῖς
691 1855 893 1934 πετομένοις,
928 1849 1000 1920 ἀλλ’
1031 1851 1201 1942 ὀλίσθημα

164 1966 256 2024 ποιεῖ
276 1956 431 2043 καθάπερ
454 1960 716 2041 κενεμβατοῦσιν.
754 1956 783 2022 εί
804 1954 849 2044 μὴ
868 1953 908 2045 νὴ
924 1960 994 2023 Δία
1010 1957 1124 2046 πληγῇ
1138 1982 1201 2025 τινι

163 2060 295 2143 μᾶλλον
322 2061 364 2134 ὥς
385 2057 453 2125 ἀπὸ
481 2058 598 2142 βέλους
627 2056 864 2139 διελαυνόμενα
892 2059 1009 2124 πίπτει
1035 2057 1090 2124 καὶ
1119 2060 1201 2128 ἀπο-

165 2163 316 2250 θνήσκει.
358 2162 503 2230 Δάναται
531 2158 567 2227 δέ
594 2160 648 2226 καὶ
674 2163 874 2251 περιδίνησις
901 2150 985 2231 εἶναι
1006 2167 1068 2230 τοό
1095 2156 1198 2250 ἀέρος,

166 2258 237 2333 οίον
258 2264 391 2347 ἑλιγμὸν
412 2262 449 2332 ἐν
470 2264 607 2348 πελάγει
628 2264 682 2331 καὶ
703 2264 914 2354 παλιρρύμην
936 2271 998 2333 τοῦ
1019 2266 1121 2335 σάλου
1143 2265 1196 2332 διδ

164 2370 306 2451 μέγεθος
335 2368 557 2453 λαμβάνοντος
586 2372 717 2436 cumin
745 2372 851 2458 Pomp.
880 2372 948 2436 vita
981 2371 1023 2438 25
1050 2371 1198 2456 scripturn

166 2475 221 2539 sit:
239 2469 341 2539 Ὅθεν
357 2468 396 2538 cd
413 2475 503 2540 δοκεῖ
522 2472 612 2562 ῥήξει
626 2476 687 2541 τοῦ
702 2469 799 2558 ἀέρος
813 2473 868 2540 καὶ
889 2476 1085 2561 διασπασμῷ
1106 2471 1200 2540 κενὸν

165 2575 254 2641 πολι)
282 2575 504 2660 λαμβάνοντος
527 2570 769 2644 ἐνολισθαίνειν
797 2577 837 2646 τοὶ
865 2579 1030 2644 πίπτοντα
1057 2580 1122 2645 τῶν
1144 2574 1199 2663 ὄρ-

164 2701 247 2745 νεον
268 2674 352 2745 ἀλλά
376 2677 565 2760 τυπτόμενα
586 2682 629 2765 τῇ
644 2679 757 2766 πληγῇ
778 2682 836 2764 τῆς
859 2683 981 2766 φωνῆς,
1005 2676 1084 2746 όταν
1105 2676 1141 2744 ἓν
1155 2680 1201 2765 τῷ
1277 2757 1280 2761 ¹

164 2778 237 2867 ἀέρι
259 2779 361 2848 σάλον
382 2780 435 2846 καὶ
450 2784 539 2861 κόμα
554 2780 677 2868 ποιήση
693 2779 803 2869 πολλὴ
820 2779 874 2847 καὶ
895 2776 1007 2868 ἰσχυρὰ
1023 2785 1200 2869 φερομένη,

168 2885 277 2950 Titum
300 2889 434 2969 apparet,
457 2883 491 2946 in
514 2904 575 2968 quo
598 2884 722 2948 dubitat
743 2884 781 2948 de
804 2885 905 2949 causis
928 2906 982 2949 cur
1004 2905 1077 2951 aves
1098 2885 1201 2951 subito
1235 2910 1238 2915 ’

166 2989 296 3055 clamore
317 3008 431 3071 magno
453 2989 487 3052 in
509 2989 599 3053 terris
623 2991 754 3069 sublato,
784 2995 923 3056 mortuae
951 2988 1104 3069 decidant,
1129 2994 1201 3053 ante

165 3093 348 3177 Pompeium
363 3094 535 3159 confectum
551 3112 625 3173 esse,
649 3094 683 3157 in
698 3115 758 3178 quo
775 3102 888 3158 certam
903 3094 966 3158 iam
982 3100 1012 3159 et
1028 3114 1120 3157 suam
1135 3114 1201 3157 sen·

164 3194 297 3259 tentiam
312 3196 479 3278 profitetur.
518 3193 605 3271 Quod
621 3194 648 3257 si
670 3200 750 3259 recte
772 3196 954 3260 conclusum
968 3201 1023 3276 est,
1047 3195 1201 3259 Aemilius

166 3318 289 3382 quoque
310 3302 341 3360 et
356 3296 515 3362 Timoleon
530 3296 676 3381 Pompeio
696 3303 727 3361 et
742 3296 863 3361 Caesari
885 3295 1094 3382 anteponendi
1116 3302 1200 3361 sunt.

165 3400 232 3464 Hoc
252 3420 324 3464 vero
353 3399 570 3484 comprobatur
598 3399 687 3462 Aem.
718 3405 786 3484 cpte
812 3399 833 3464 ί)
862 3400 918 3465 ubi
948 3407 1002 3481 est,
1032 3396 1200 3484 ὑπόδημα,

163 3500 297 3567 κάλτιον
324 3496 403 3567 αάτδ
429 3501 581 3582 Ῥωμαῖοι
613 3500 772 3566 καλοδσιν
805 3508 836 3567 et
864 3503 971 3589 Pomp.
1006 3504 1049 3567 24
1082 3502 1200 3567 verbis:

164 3601 214 3670 Ἐκ
228 3602 346 3669 τούτου
361 3600 397 3669 δέ
413 3606 444 3670 oi
457 3601 520 3687 μέν
535 3605 678 3673 ὑπέδουν
692 3605 834 3681 καλτίοις
850 3600 958 3686 αὐτὸν,
983 3605 1014 3670 οἱ
1028 3606 1067 3669 δέ
1084 3602 1200 3692 τήβεν-

165 3731 223 3776 νον
251 3710 457 3796 περιέβαλον,
491 3712 534 3786 ιδς
562 3709 601 3799 δη
630 3708 676 3797 μὴ
705 3708 809 3777 πάλιν
834 3704 1025 3797 ἀγνοηθείη,
1057 3707 1202 3792 idemque

167 3835 204 3877 ex
226 3813 291 3876 vita
314 3812 398 3876 Caes
423 3820 490 3897 epte
513 3813 554 3878 35
582 3812 719 3895 intellegi
741 3818 851 3897 potest.
896 3812 946 3875 Ibi
976 3811 1059 3876 euim
1081 3809 1201 3873 Plutar-

168 3912 253 3992 chus,
290 3933 362 3975 cum
391 3914 603 3996 quaestionem
632 3915 790 3996 quandam
821 3911 996 3978 naturalem
1023 3917 1201 3997 persecutus

168 4020 255 4094 esset,
285 4013 420 4078 addidit:
449 4016 515 4078 ecio
535 4014 597 4096 μέν
619 3999 680 4080 οὖν
705 4010 862 4079 τοιοότων
888 4011 1131 4099 παρεκβάσεων,
1160 4009 1202 4079 ἀν
