2866 4482
656 276 857 341 ..21-

236 446 296 512 hoc
319 445 426 512 ordine
448 447 589 530 singulae
612 448 693 514 inter
714 470 746 515 se
770 449 952 515 coniunctae
974 448 1068 515 fuisse
1094 447 1268 515 videantur.

235 549 321 614 Illud
343 569 415 614 vere
437 549 585 614 facillime
607 551 674 615 fieri
694 552 816 636 poterit,
841 552 869 614 si
884 572 962 636 quas
977 550 1052 615 huic
1067 551 1270 617 attribuimus

236 654 333 740 parti,
358 659 431 719 ante
453 654 579 719 Periclis
602 662 633 719 et
655 654 745 720 Fabii
767 655 898 720 Maximi
920 655 1019 740 uitas,
1049 676 1129 740 quae
1151 655 1270 720 decimo

235 756 316 825 libro
340 757 491 838 exierunt,
515 764 570 823 aut
592 766 664 824 ante
686 779 784 823 unam
806 781 845 824 ex
866 760 915 841 iis,
947 780 1033 844 quas
1047 748 1164 823 Pericli*
1185 766 1270 825 ante·

116 897 119 900 >
237 861 341 926 cedere
363 863 529 947 probatum
552 862 624 943 erit,
653 863 783 949 scriptas
805 865 863 929 has
886 886 952 929 esse
974 863 1269 945 demonstrabimus3

236 965 355 1032 accedit
377 966 465 1029 aliud
487 974 722 1049 argumentum,
747 988 807 1052 quo
830 970 878 1034 uti
905 975 936 1033 et
957 968 1047 1033 facile
1069 974 1100 1034 θλ
1121 968 1270 1034 idoneum

237 1076 297 1150 est3
329 1070 463 1136 Dionem
493 1072 577 1135 enim
610 1079 642 1138 et
668 1072 802 1137 Brutum
830 1074 888 1157 (cf.
918 1074 986 1139 Dio.
1017 1071 1058 1157 2)
1088 1073 1270 1138 duodecimo

234 1171 315 1238 libro
338 1171 570 1257 comprehendit
592 1172 689 1239 Plut..
725 1174 893 1239 Intercedit
914 1168 1010 1258 igitur
1031 1174 1113 1239 inter
1134 1173 1269 1239 Fabium

236 1282 267 1341 et
287 1275 421 1340 Dionem
443 1297 542 1340 unum
564 1282 689 1341 tantum
711 1298 768 1362 par
782 1278 928 1359 vitarum,
953 1284 1131 1364 ceteraeque
1153 1299 1268 1358 omnes

236 1398 315 1462 quae
329 1377 463 1443 Dionem
485 1386 517 1445 et
531 1379 665 1445 Brutum
686 1381 884 1466 praecedunt,
908 1381 1020 1447 Pericli
1042 1401 1164 1467 quoque
1184 1386 1269 1445 ante·

234 1480 407 1546 mittendae
430 1488 513 1547 sunt.

324 1584 430 1670 Atque
459 1584 598 1670 primum
624 1585 751 1670 quidem
785 1593 857 1652 ente
890 1586 1024 1651 Fabium
1057 1572 1100 1651 θλ
1121 1585 1271 1650 Periclem

235 1688 365 1775 scriptos
388 1709 455 1753 esse
477 1689 720 1755 Demosthenem
742 1711 778 1756 ao
801 1691 986 1772 Ciceronem,
1009 1674 1091 1755 Plut.
1113 1689 1178 1775 ipse
1200 1711 1269 1756 con·

234 1795 352 1873 fitetur,
379 1813 451 1856 cum
474 1792 559 1858 dicat
579 1793 739 1859 Demosth.
763 1796 783 1859 3
806 1791 868 1858 Acci
891 1790 945 1858 καὶ
966 1791 1146 1878 γράφοντες
1168 1788 1203 1858 ἒν
1223 1796 1271 1879 aqi

234 1894 348 1980 βιβλίῳ
370 1892 473 1981 τούτῳ
495 1899 562 1962 τῶν
585 1894 810 1984 παραλλήλων
831 1897 910 1979 βίων
933 1892 1003 1963 ὄντι
1025 1897 1166 1981 πέμπτῳ
1195 1894 1272 1980 περὶ

235 1999 473 2083 Δημοσθένους
494 1996 548 2064 καὶ
571 2001 766 2086 Κικέρωνος,
791 2023 846 2065 nec
869 2000 1084 2067 subtilioribus
1107 2021 1269 2083 argumen-

235 2097 278 2162 tis
299 2118 377 2182 opus
400 2100 502 2165 estin
523 2101 591 2168 vita
613 2102 766 2185 Lysandri
788 2110 819 2168 θλ
842 2102 957 2183 Sullae,
982 2123 1054 2167 cum
1075 2103 1145 2201 Lps.
1162 2102 1268 2167 laude·

231 2205 284 2263 tur
305 2198 340 2263 in
361 2199 428 2266 vita
442 2201 568 2268 Periclis
585 2203 626 2267 22
649 2203 698 2268 his
720 2204 838 2270 verbis:
861 2205 964 2268 ταῦτα
985 2199 1047 2286 μὲν
1070 2200 1130 2270 οὖν
1153 2200 1187 2268 ἐν
1202 2208 1269 2279 τοῖς

233 2299 308 2386 περὶ
329 2299 525 2390 Λυσάνδρου
547 2303 785 2392 δεδηλώκαμεν.

318 2405 441 2471 Accede
476 2408 516 2472 ad
549 2408 649 2474 vitam
678 2409 814 2475 Cimonis
847 2417 877 2476 et
905 2409 1037 2474 Luculli.
1060 2421 1063 2427 ’
1090 2409 1268 2494 Comparari

231 2516 376 2594 possunt,
408 2531 488 2596 quaa
510 2511 619 2577 Pericl.
644 2515 662 2578 7
686 2520 717 2579 et
745 2536 825 2599 quae
853 2515 929 2579 Cim.
961 2514 1002 2579 15
1029 2514 1188 2598 leguntur,
1212 2513 1268 2579 ubi

232 2613 387 2700 Areopagi
408 2621 596 2701 potestatem
623 2620 663 2683 ab
686 2619 830 2703 Ephialte
858 2621 989 2684 fractam
1016 2639 1082 2684 esse
1111 2625 1265 2698 narratur,

232 2725 311 2799 tum,
335 2740 414 2804 quae
437 2720 503 2785 Per.
528 2721 549 2785 9
571 2728 602 2786 et
625 2722 693 2786 Cim
721 2724 773 2804 17,
805 2724 920 2808 quibus
948 2722 1024 2789 loeis
1047 2723 1207 2788 Cimonem
1235 2721 1269 2786 in

232 2823 379 2888 exsilium
400 2830 552 2891 testarum
575 2827 731 2909 suffragiis
753 2827 887 2893 eiectum
909 2849 982 2908 esse,
1007 2827 1186 2912 exponitur,
1214 2826 1268 2891 sed

231 2926 306 2991 hinc
327 2926 381 2992 vix
402 2928 505 2993 ullum
527 2950 621 2993 usum
650 2931 690 2993 ad
711 2937 850 2995 nostram
871 2931 1085 3015 quaestionem
1105 2930 1267 3016 profligan-

111 3066 117 3075 ›
233 3031 307 3096 dam
326 3032 493 3119 percipias.
540 3033 585 3099 At
614 3055 685 3098 vero
714 3035 748 3099 in
771 3034 907 3100 Cimonis
936 3041 1005 3120 cpte
1034 3035 1074 3099 17
1102 3040 1134 3099 et
1159 3034 1267 3099 Pericl.

158 3144 160 3157 '
236 3136 276 3199 10
298 3134 402 3217 agitur
424 3135 588 3221 depugna
610 3137 794 3220 'Panagraea
820 3144 852 3202 et
879 3138 917 3201 de
940 3137 1076 3204 Cimonis
1104 3137 1207 3203 reditu
1234 3138 1269 3202 in

232 3239 376 3324 patriam.
426 3239 532 3325 Atque
554 3247 590 3305 ut
623 3248 723 3307 cetera
751 3242 865 3323 omnia,
897 3262 976 3328 quae
1003 3242 1037 3306 in
1064 3243 1125 3307 hac
1151 3242 1270 3328 duplici

233 3344 373 3409 eiusdem
406 3344 451 3408 rei
485 3345 661 3410 narratione
690 3347 771 3411 inter
801 3368 833 3410 se
861 3346 1017 3428 differunt,
1052 3346 1205 3427 omittam,
1234 3348 1269 3410 in

232 3447 299 3511 Per.
326 3446 403 3511 haec
431 3447 604 3530 adduntur,
635 3472 714 3535 quae
742 3470 805 3515 non
832 3451 941 3515 insunt
968 3449 1002 3515 in
1025 3449 1161 3516 Cimonis
1187 3450 1268 3515 vita:

227 3545 336 3614 Ἔνιοι
358 3548 398 3612 δέ
417 3562 517 3631 φασιν
539 3544 578 3613 οὕ
593 3548 767 3636 ,πρότερον
794 3551 959 3636 γραφῆναι
985 3552 1033 3636 aqi
1059 3549 1184 3629 Κίμωνι
1209 3543 1269 3636 τὴν

232 3649 381 3718 κάθοδον
402 3646 470 3715 sind
493 3655 555 3716 τοῦ
577 3651 777 3735 Περικλέους
798 3649 821 3739 ἥ
844 3650 1011 3738 συνθήκας
1032 3646 1142 3726 αὐτοῖς
1167 3648 1270 3737 ἄπορ-

233 3751 350 3839 ρήτους
377 3754 533 3837 γενέσθαι
564 3749 604 3817 δι’
629 3749 820 3840 Ἐλπινίκης
844 3756 905 3839 τῆς
936 3753 1081 3835 Κίμωνος
1112 3747 1270 3840 ἀδελφῆς,

218 3847 314 3918 ’ὥστε
347 3851 481 3937 Κίμωνα
513 3849 575 3937 μὲν
608 3852 787 3919 ἐκπλεῦσαι
820 3851 962 3938 λαβόντα
994 3856 1075 3929 ναδς
1108 3853 1270 3929 διακοσίας

233 3953 375 4021 καὶτῶν
396 3954 456 4032 ἔξω
480 3964 666 4042 στρατηγεῖν
695 3955 1002 4043 καταστρεφόμενον
1029 3954 1089 4043 τὴν
1115 3955 1270 4039 βασιλέως

234 4055 352 4143 χώραν,
374 4058 531 4141 Περικλεῖ
545 4054 580 4123 δὲ
595 4053 813 4144 calciodoro
828 4056 967 4140 δύναμιν
982 4054 1151 4143 ὑπάρχειν.
1184 4058 1269 4123 Ηοθθ
