2866 4482
211 1194 304 1311 Inter
328 1243 487 1309 Plutarchi
514 1243 732 1311 Chaeronensis
758 1245 845 1310 varia
877 1244 990 1330 scripta
1016 1266 1116 1310 unum
1148 1264 1243 1328 genua

212 1357 258 1416 est
279 1350 416 1416 vitarum
436 1349 661 1434 parallelorum,
685 1370 764 1435 quae
785 1371 884 1435 neque
907 1371 1012 1416 omnes
1031 1351 1120 1416 nobis
1143 1368 1244 1416 serva-

210 1460 261 1519 tae
288 1457 363 1517 sunt
390 1456 421 1516 et
448 1451 561 1517 nostris
594 1452 786 1538 temporibus
814 1451 937 1538 saepius
970 1453 1046 1517 falso
1074 1473 1146 1518 oum
1173 1452 1245 1518 aliis

212 1556 351 1622 eiusdem
376 1554 551 1640 philosophi
578 1550 700 1641 scriptis
723 1554 972 1636 commiscentur3
1001 1576 1075 1620 nam
1097 1577 1177 1641 quae
1198 1556 1245 1620 in·

212 1658 376 1738 terierun't‚
399 1655 630 1745 Epaminondae
651 1662 683 1722 et
704 1655 819 1721 Metelli
841 1656 922 1721 vitas
943 1656 1024 1722 inter
1043 1657 1205 1742 parallelas
1226 1679 1246 1723 a

212 1761 377 1828 Plutarcho
390 1761 508 1848 positas
530 1781 605 1842 esse,
627 1782 682 1847 pro
703 1766 782 1826 certo
799 1761 976 1827 confirmari
996 1768 1106 1847 potest,
1131 1762 1247 1847 quibus
1354 1750 1356 1754 ⁸

212 1868 340 1934 fortasse
368 1865 447 1930 aliae
468 1865 637 1930 nonnullae
666 1863 843 1929 adiciendae
869 1870 952 1945 sunt,
981 1885 1059 1949 quas
1087 1865 1246 1950 scripsisse

213 1969 415 2036 Plutarchum
430 1969 612 2054 accepimus,
637 1990 708 2033 cum
725 1976 830 2034 contra
844 1968 945 2049 Arati,
969 1968 1093 2050 Galbae,
1118 1969 1247 2036 Othonis

213 2073 295 2139 vitae
317 2076 349 2137 et
370 2093 450 2158 quae
471 2072 631 2159 deperdita
653 2077 699 2137 est
713 2072 863 2152 Herculio,
888 2093 989 2158 neque
1010 2073 1098 2138 aliter
1119 2074 1249 2139 fortasse

213 2174 395 2240 Artaxerxis
417 2195 496 2260 quae
523 2179 624 2240 exstat
652 2195 724 2239 cum
751 2173 905 2261 parallelis
932 2195 995 2240 nen
1017 2175 1248 2258 coniungendae

213 2281 267 2346 sed
289 2301 308 2344 a
329 2279 494 2346 Plutarcho
515 2279 630 2365 partim
653 2279 793 2361 singulae
815 2277 980 2364 separatim
1002 2279 1111 2360 editae,
1135 2279 1248 2364 purtim

133 2437 135 2441 .
214 2405 286 2448 eum
308 2383 379 2449 aliis
400 2405 463 2450 non
489 2389 595 2450 tamen
623 2384 831 2470 comparative
859 2383 1043 2470 scriptarum
1065 2382 1157 2448 modo
1179 2403 1250 2447 con-

213 2509 310 2553 nexae
332 2488 405 2554 sint.
451 2488 524 2554 Illas
546 2509 618 2555 vero
640 2490 802 2574 parallelas
825 2509 888 2553 non
918 2508 962 2568 eo,
993 2509 1054 2573 quo
1077 2508 1160 2552 nunc
1183 2487 1250 2571 qui·

213 2589 285 2655 dem
315 2589 349 2653 in
384 2589 573 2655 editionibus
605 2589 761 2672 leguntur,
795 2611 895 2674 neque
928 2610 972 2669 eo,
1002 2609 1063 2673 quo
1091 2588 1250 2654 codicibus

212 2691 344 2757 traditae
367 2697 449 2773 sunt,
474 2693 581 2767 ordine
603 2693 799 2760 aPlutaroho
816 2693 1000 2778 compositas
1023 2697 1053 2756 et
1075 2690 1249 2775 divulgatas
1298 2724 1300 2729 ·

213 2817 293 2876 esse,
320 2796 385 2862 iam
411 2797 532 2882 pridem
558 2798 812 2864 animadversum
839 2803 894 2863 est.
941 2796 992 2881 [cl.
1019 2797 1109 2860 Thes.
1135 2797 1168 2876 13
1191 2795 1251 2859 Dess

212 2899 324 2964 mosth.
348 2901 382 2981 33
405 2901 470 2966 Per.
494 2904 532 2985 2;
553 2903 612 2969 Dio
635 2903 680 2987 2].
726 2903 859 2989 Jamque
879 2902 1040 2980 miramur,
1064 2899 1091 2964 si
1113 2897 1249 2963 Sintenis

214 3000 254 3067 ad
275 3001 331 3065 uit.
349 3000 452 3067 Pena
473 3004 723 3071 annotationem:
745 3004 825 3085 „Die
847 3001 1080 3088 urspriingliohe
1102 2998 1250 3082 Ordnung

213 3100 255 3166 ist
271 3101 448 3172 schwerlich
464 3126 503 3169 au
526 3105 712 3171 ermitteln.“
727 3112 783 3171 aut
796 3103 985 3169 Volkmanni
999 3103 1093 3168 verba
1114 3101 1149 3165 in
1171 3101 1250 3168 libro

214 3206 252 3270 de
274 3206 354 3288 vita,
378 3209 514 3293 scriptis,
543 3210 740 3295 philosophia
760 3211 842 3275 Plut.
865 3209 926 3275 rol.
949 3209 966 3272 I
987 3229 1017 3292 p.
1042 3207 1082 3272 78
1104 3205 1251 3289 legimus:

110 3293 118 3309 ’
214 3310 337 3391 „Ueber
358 3313 408 3377 die
430 3313 700 3397 Entstehungszeit
729 3315 782 3379 der
811 3313 964 3379 Schriften
991 3312 1057 3376 und
1078 3311 1145 3376 ihre
1167 3310 1251 3377 chro-

213 3411 388 3493 nologisohe
409 3413 606 3498 Reihenfolge
627 3416 707 3481 habe
728 3415 779 3480 ich
802 3437 835 3482 so
851 3415 959 3498 wenig‚
983 3414 1042 3479 wie
1063 3413 1175 3479 andere
1196 3434 1251 3478 vor

213 3516 274 3581 mir
296 3522 390 3582 ebrae
413 3519 567 3584 ermitteln
588 3521 742 3602 htnnen,“
764 3518 923 3585 neminem
948 3519 1050 3584 adhuc
1072 3517 1251 3599 diligentius

214 3620 248 3684 in
263 3620 322 3686 hac
336 3624 516 3707 quaestione
531 3624 729 3691 dissolvenda
744 3630 901 3690 versatum
924 3645 998 3690 esse.
1032 3623 1126 3687 Extat
1145 3627 1251 3687 tamen

213 3723 336 3789 Alherti
350 3724 453 3790 Lionii
469 3726 507 3790 de
529 3726 587 3792 hac
602 3749 635 3791 re
657 3727 883 3808 commentatio,
908 3746 987 3812 quae
1008 3725 1145 3811 primum
1167 3745 1195 3788 a.
1218 3723 1250 3788 h.

215 3847 238 3889 s.
262 3825 353 3907 XIX,
380 3826 491 3892 deinde
520 3829 635 3894 iterum
657 3828 818 3893 XXXVlI.
843 3829 1005 3910 Gottingae
1028 3825 1112 3906 exiit,
1136 3831 1168 3889 et
1189 3845 1252 3910 qua

214 3925 354 4009 singulae
375 3928 458 3994 vitae
485 3929 519 3994 in
541 3930 681 3996 ordinem
704 3934 745 3994 et·
760 3950 908 3995 numeros
937 3933 1033 3995 certos
1060 3926 1250 4010 redigtmtur.

215 4027 276 4094 Sed
299 4029 364 4096 aive
387 4052 461 4095 casu
483 4031 535 4096 hic
556 4030 679 4096 libellus
707 4030 862 4096 oblivione
891 4030 1020 4095 obrutus
1042 4035 1097 4108 est,
1127 4028 1192 4094 sive
1214 4027 1252 4090 de

1028 4151 1044 4202 1
