2866 4482
659 275 851 342 ..5..

242 470 353 515 causae
366 448 520 529 accedant,
544 449 659 534 quibus
680 471 701 514 a
714 439 882 515 Plutarcho
902 448 970 535 ipso
992 447 1123 533 scriptas
1138 469 1189 517 ess
1212 470 1278 517 esse
1355 454 1356 457 ’

180 560 187 565 ’
242 557 448 633 confirmetur,
471 554 676 619 diffidendum
691 560 722 643 et
740 554 774 619 in
789 554 848 621 hac
862 554 1041 640 quaestione
1055 552 1277 622 abstinendum

241 658 290 738 sit,
314 658 405 723 facile
426 663 504 744 puto
526 658 719 743 comprobari
740 658 864 743 poterit.

329 761 408 826 Nam
430 761 568 847 primum
589 760 742 840 videmus,
768 760 803 825 in
825 760 890 825 vita
912 761 997 826 Caes.
1020 760 1069 825 bis
1090 761 1210 827 laudari
1233 761 1277 826 vi-

243 869 308 928 tam
329 862 428 944 Bruti,
451 862 589 948 primum
610 866 678 948 cptc
700 863 742 926 62
764 862 813 926 his
835 861 951 928 vorbis:
979 860 1020 925 δι’
1044 861 1157 944 αἰτίας,
1180 858 1219 937 dc
1241 859 1278 929 ἐν

242 971 308 1040 τοῖς
340 962 418 1049 περὶ
450 961 601 1046 Βρούτου
630 966 861 1048 γεγραμμένοις
889 963 1136 1051 δεδηλώκαμεν,
1167 966 1278 1032 deinde

242 1073 318 1154 epte.
330 1068 372 1133 68
388 1068 471 1133 hunc
484 1069 518 1133 in
532 1068 675 1135 modum:
687 1062 720 1132 “A
732 1062 768 1132 δὲ
779 1063 834 1131 καί
849 1064 1027 1153 πράξαντες
1041 1066 1095 1133 καὶ
1109 1065 1278 1143 παθόντες

242 1166 455 1256 ἐτελεύτησαν
476 1165 512 1235 ἐν
533 1175 600 1244 τοῖς
622 1166 699 1255 περὶ
720 1165 871 1254 Βρούτου
893 1170 1080 1253 γέγραπται,
1102 1170 1217 1255 quibus
1239 1190 1277 1235 er

242 1276 359 1354 verbm,
387 1274 415 1340 si
436 1274 593 1341 Plutarchi
614 1296 681 1340 esse
702 1280 879 1356 censentur,
909 1275 1130 1341 concludamus
1157 1296 1278 1340 neeesse

243 1386 302 1461 est,
331 1381 462 1446 Brutum
488 1386 561 1446 ante
583 1381 741 1446 Gaesarem
763 1381 968 1466 compositum
991 1401 1069 1462 esse;
1098 1381 1178 1446 Nam
1200 1386 1276 1446 tem-

240 1504 313 1568 pore
334 1483 464 1568 perlecto
486 1478 754 1567 (δεδηλώκαμεν,
782 1481 979 1568 γέγραπται)
1003 1483 1030 1548 si
1051 1488 1158 1569 postea
1178 1482 1276 1549 vitam

245 1584 333 1648 Bruti
348 1585 537 1652 conscribere
551 1585 706 1666 voluisset,
722 1585 923 1651 Plutarchum
938 1606 1072 1651 usurum
1087 1585 1191 1664 fuisse,
1214 1604 1277 1650 non

243 1695 289 1754 cst
310 1691 495 1774 putandum.
531 1689 620 1757 Foret
641 1690 699 1756 hoc
719 1690 822 1756 insani
842 1690 987 1771 hominis,
1011 1691 1066 1775 qui
1081 1711 1185 1756 omnes
1200 1694 1276 1753 tem-

243 1815 355 1880 porum
377 1799 407 1859 et
428 1794 521 1880 spatii
542 1795 674 1861 rationes
695 1796 896 1880 perturbaret,
921 1799 1063 1860 nontam
1077 1792 1277 1875 intelligentis

241 1902 271 1961 et
296 1897 405 1978 sobrii,
436 1897 560 1982 qualem
587 1897 682 1961 fuisse
703 1895 904 1961 Plutarchum
931 1895 1081 1961 sexcentis
1108 1894 1183 1962 locis
1209 1915 1276 1978 cog·

242 1999 327 2064 nosci
352 2004 460 2085 potest.
511 1999 598 2077 Quod
626 1999 653 2063 si
683 1997 753 2082 quis
781 1998 815 2062 in
843 2002 908 2064 tam
936 1998 1128 2084 desperatam
1157 2002 1276 2065 senten·

241 2104 320 2169 tiam
357 2104 564 2185 delaberetur,
604 2110 709 2169 tamen
742 2103 818 2189 ipsis
850 2103 1006 2169 Plutarchi
1039 2103 1142 2169 verbis
1174 2104 1277 2173 sanari

243 2211 364 2291 posset,
378 2207 433 2291 qui
455 2207 493 2272 iis
515 2207 600 2287 locis,
623 2206 679 2271 ubi
700 2206 825 2288 librum,
850 2227 943 2292 quem
964 2211 1070 2293 postea
1091 2206 1277 2293 conscriptu-

244 2329 297 2373 rus
311 2300 379 2389 luit,
402 2310 585 2391 nominavit,
609 2314 746 2398 tempore
766 2313 869 2377 futuro
891 2311 991 2377 utitur
1011 2309 1101 2393 (Mar.
1117 2310 1169 2390 29,
1192 2308 1277 2374 Caes.

244 2409 302 2493 35)
329 2412 422 2477 semel
449 2413 615 2499 praesenti,
644 2417 728 2499 quod
754 2415 826 2480 ferri
853 2419 953 2499 potest
974 2413 1074 2498 (Caes.
1096 2411 1164 2495 45).
1207 2412 1277 2478 Non

244 2518 350 2579 temen
371 2537 634 2601 supervacaneum
656 2523 710 2599 est,
733 2517 808 2583 haee
825 2538 957 2597 monere,
981 2536 1056 2580 nam
1069 2515 1276 2583 Volkmannio

244 2617 277 2682 in
304 2618 398 2699 libro,
428 2640 522 2704 quem
549 2618 587 2683 de
608 2619 689 2684 Plut.
718 2619 816 2685 edidit
844 2619 905 2684 vol.
928 2619 954 2682 Ι.
976 2638 1007 2703 p.
1033 2616 1095 2681 104
1116 2617 1150 2681 in
1172 2622 1275 2682 annot.

244 2720 319 2785 haee
339 2722 433 2787 verba
454 2722 641 2787 exciderunt.
682 2721 783 2803 ,Plut
806 2725 873 2803 sagt
894 2719 994 2785 Galba
1016 2719 1045 2783 2.
1091 2717 1278 2801 Νυμφίδιος

243 2820 301 2908 γὰρ
319 2828 456 2908 Σαβῖνος
475 2823 521 2891 (δν
543 2824 684 2913 ἔπαρχος
705 2820 813 2912 ὥςπερ
835 2822 960 2912 εἴρηται
980 2821 1064 2908 μετὰ
1083 2821 1275 2905 Τιγελδδνον

243 2928 301 3011 τῆς
325 2921 438 3014 αὐλῆς.
481 2928 603 2995 Danaus
625 2929 696 3012 geht
717 2926 835 3009 hervor,
859 2927 931 3004 dass
954 2949 986 2992 er
1008 2926 1076 2991 eine
1094 2923 1277 3010 Biographis

244 3031 298 3096 des
325 3032 404 3099 Nero
437 3034 590 3099 entweder
616 3034 711 3101 schon
738 3032 934 3117 geschriebcn
964 3031 1063 3119 hatte,
1097 3029 1170 3097 oder
1197 3028 1276 3095 doch

243 3134 402 3201 schreiben
424 3137 533 3202 wollte.
570 3137 661 3202 Denn
681 3135 936 3204 bekanntlich
957 3134 1050 3221 pilegt
1072 3154 1106 3197 er
1126 3130 1206 3199 auch
1222 3133 1280 3199 auf

244 3244 306 3304 erst
325 3239 405 3304 noch
433 3260 473 3303 au
500 3239 697 3307 schreibende
718 3239 924 3326 Bicgraphien
951 3237 1011 3303 mit
1037 3236 1139 3303 einem
1166 3230 1276 3319 ὥσπερ

244 3338 368 3427 εἴρηται
383 3364 422 3406 zu
436 3343 631 3411 verweisen.“
662 3343 730 3410 Hoc
751 3342 831 3409 mihi
851 3342 994 3424 ignotum
1017 3362 1081 3407 esse
1095 3340 1191 3406 libere
1206 3359 1276 3405 con·

243 3444 342 3525 dicor,
372 3445 478 3528 collegi
506 3450 612 3511 autem
637 3445 741 3513 omnia
762 3445 901 3530 exempla
922 3443 1016 3508 huius
1037 3444 1168 3522 formae,
1198 3461 1277 3526 quae

243 3549 277 3614 in
299 3549 373 3615 vitis
393 3551 546 3636 parallelis
565 3550 687 3633 insunt3
708 3571 748 3614 ne
768 3570 869 3615 unum
891 3549 1019 3635 quidem
1033 3552 1088 3627 est,
1112 3545 1195 3633 quod
1210 3551 1277 3612 tam

242 3651 324 3716 foedi
352 3653 461 3720 erroris
489 3674 581 3723 cansa
609 3659 664 3717 aut
693 3651 847 3718 excusatio
875 3673 939 3717 esse
966 3649 1073 3736 possit.
1119 3647 1204 3732 [Lyc.
1236 3647 1276 3712 13

243 3755 280 3822 cf.
296 3755 364 3819 init,
381 3756 477 3823 eiusd.
494 3761 593 3842 capts3
615 3754 689 3821 Ant.
715 3755 755 3820 16
778 3756 815 3820 cf.
833 3753 907 3820 Ant.
933 3754 987 3834 113
1008 3752 1082 3817 Luc.
1104 3751 1127 3815 4
1149 3751 1186 3816 cf.
1201 3748 1275 3816 Luc.

246 3858 280 3940 13
309 3857 383 3922 huc,
410 3857 453 3922 29
475 3858 512 3925 cf.
534 3858 607 3923 Luc.
631 3857 686 3939 213
715 3857 788 3924 huc.
811 3858 854 3923 42
877 3859 914 3923 cf.
937 3856 993 3937 413
1022 3855 1127 3940 Comp.
1149 3852 1222 3921 Luc.
1246 3858 1277 3917 et

243 3962 321 4027 Cim,
352 3963 370 4026 l
399 3964 442 4033 ci,
461 3961 537 4028 Cim.
566 3962 597 4030 4.
642 3962 719 4029 Sull.
745 3960 785 4027 15
813 3962 849 4031 cf.
877 3961 945 4026 init.
974 3959 1071 4029 eiusd.
1103 3963 1183 4045 cpts3
1212 3957 1275 4025 Sol.

247 4066 286 4130 13
301 4067 338 4132 cf.
362 4064 424 4130 Sol.
452 4065 593 4147 123801.
618 4067 656 4131 19
680 4066 717 4132 cf.
739 4064 807 4130 init.
831 4063 929 4129 eiusd.
953 4068 1045 4147 cpts.;
1066 4061 1169 4148 Pelop.
1193 4061 1213 4126 9
1237 4061 1273 4128 cf.
