2866 4482
582 220 776 284 ...40-

164 392 285 457 insulsa
307 392 361 457 illa
384 393 522 477 quaestio
544 393 677 474 videtur,
710 414 865 477 quaenam
888 416 924 457 ex
954 395 992 459 iis
1014 393 1099 473 vitis,
1124 416 1202 479 quas

164 497 323 578 habemus
348 517 487 582 quaeque
509 497 584 562 huic
604 497 685 582 parti
707 498 885 563 inserendae
909 504 990 578 saint,
1014 499 1134 584 possint
1155 499 1201 562 in-

164 602 318 666 tercedere
339 601 460 666 mediae
481 601 563 665 inter
584 602 732 668 Periclem
755 609 785 666 et
806 602 940 668 Fabium
961 625 997 668 ac
1013 604 1150 667 ‘Dionem
1173 610 1203 668 et

163 705 307 785 Brutum,
329 712 365 770 ut
387 705 499 770 existat
521 706 594 770 ordo
617 706 746 790 quidam
767 707 946 790 probabilis
994 708 1104 773 Nullas
1127 730 1200 772 vero

165 807 241 872 alias
264 807 395 893 reperias
419 828 514 892 quam
533 807 638 872 Niciae
661 814 691 871 et
714 808 822 886 Crassi,
847 830 980 892 quarum
1001 809 1055 873 illa
1078 816 1109 873 et
1131 831 1203 873 curn

165 910 290 975 Periclis
317 910 383 973 vita
410 916 445 974 ut
473 917 608 995 apparet,
639 917 668 975 ct
698 932 769 975 cnm
796 910 906 976 Dionis
929 946 969 957 -
991 913 1090 975 fontes
1120 913 1203 975 enirn

166 1012 288 1078 eosdem
313 1012 347 1076 in
369 1011 434 1075 vita
462 1011 568 1075 Niciae
598 1017 626 1075 et
655 1011 764 1076 Dionis
792 1011 870 1076 adiit
897 1011 990 1091 Plut.,
1021 1019 1052 1075 ct
1073 1020 1203 1097 utraque

165 1117 231 1182 vita
251 1116 286 1179 in
301 1115 423 1180 Siciliae
445 1116 537 1180 rebus
559 1122 709 1194 versatur,
736 1116 897 1180 —Crassi
919 1135 991 1179 vero
1014 1136 1086 1180 curn
1108 1115 1202 1180 Bruto

166 1221 301 1306 quadam
322 1220 439 1284 ratione
463 1219 604 1303 copulata
626 1226 681 1284 est.
726 1219 832 1283 Niciae
860 1219 957 1302 igitur
984 1226 1014 1283 et
1036 1221 1152 1300 Crasso,
1176 1222 1203 1284 si

166 1323 235 1388 aliis
262 1321 453 1404 argumentis
481 1321 719 1386 destitueremur
747 1343 869 1386 summo
902 1322 970 1386 iure
1000 1323 1202 1388 undecimum

166 1426 269 1490 locum
290 1422 551 1508 permitteremus3
581 1422 634 1485 sed
663 1422 794 1486 hocius
816 1444 856 1486 ne
878 1423 949 1507 quis
972 1443 1129 1488 summam
1155 1425 1202 1488 in-

166 1529 280 1593 iuriam
303 1548 368 1593 csse
391 1526 561 1606 crediderit,
585 1527 648 1591 iam
672 1547 751 1610 quae
774 1533 894 1592 exstant
916 1527 994 1593 aliae
1015 1529 1150 1593 rationes
1173 1537 1203 1594 et

167 1636 347 1713 argumenta
376 1628 545 1714 promenda
570 1633 653 1693 sunt.
699 1627 804 1710 Atque
830 1629 953 1693 Niciam
980 1630 1107 1713 quidem
1134 1639 1205 1716 post

166 1735 336 1807 Aristidem
357 1740 389 1798 et
409 1734 554 1800 Catonem
575 1732 725 1797 maiorem
748 1739 778 1796 et
800 1739 871 1818 post
888 1733 1072 1799 Marcellum
1096 1743 1127 1800 et
1147 1737 1203 1799 Pe-

166 1838 304 1924 lopidam
320 1837 471 1922 scriptum
493 1856 567 1916 esse,
591 1836 654 1900 iam
679 1825 772 1920 supra
787 1837 1029 1922 comprobatum
1044 1843 1098 1902 est.
1134 1838 1203 1903 Pot-
1282 1856 1285 1862 ·

169 1947 214 2006 est
229 1941 294 2006 hoc
320 1940 385 2005 loeo
415 1938 536 2004 ostendi
563 1945 632 2022 post
654 1938 777 2003 Sullam
804 1960 876 2003 eum
904 1945 934 2004 et
959 1946 1030 2024 post
1058 1941 1203 2005 Catonem

167 2047 319 2109 minorem
341 2045 491 2129 scriptum
514 2065 588 2107 esse.
639 2042 689 2125 [cf.
713 2044 818 2128 Comp.
842 2044 908 2109 Nic.
937 2051 967 2108 et
997 2044 1094 2110 Crass
1121 2048 1137 2110 1
1162 2083 1202 2094 -

169 2148 272 2230 Comp.
296 2145 362 2209 Nic.
390 2150 421 2209 et
448 2144 545 2209 Crass
575 2145 605 2207 4.
631 2145 704 2209 Cato
727 2145 803 2208 min.
827 2145 877 2229 5];
907 2146 960 2210 sed
988 2147 1064 2211 haec
1090 2170 1142 2233 per
1169 2171 1201 2211 sc

166 2253 230 2316 iam
253 2252 335 2315 clara
358 2256 440 2314 sunt.
477 2250 612 2313 Possunt
628 2249 713 2314 varia
727 2270 850 2334 quoque
872 2257 1054 2332 argumenta
1072 2250 1198 2336 proferri

168 2374 222 2416 cur
243 2351 354 2416 Pericli
375 2350 479 2415 Nicias
507 2350 738 2434 postponendus
761 2351 815 2431 sit3
843 2370 919 2414 narn
950 2373 988 2417 ex
1015 2353 1074 2417 fine
1096 2372 1198 2436 prooe-

167 2453 224 2518 mii
246 2452 352 2519 Niciae
374 2461 510 2537 apparct,
540 2452 629 2516 alteri
657 2451 738 2536 parti
759 2452 896 2517 vitarum
918 2453 1042 2518 Niciam
1064 2460 1094 2518 et
1114 2453 1200 2517 Cras·

168 2577 238 2619 sum
271 2554 501 2637 subiungendos
530 2573 604 2632 esse,
634 2554 723 2616 cuius
751 2560 855 2618 tamen
882 2555 981 2639 partis
1008 2555 1102 2640 primi
1130 2553 1203 2620 sunt

166 2658 296 2722 Pericles
319 2662 349 2720 et
370 2655 500 2736 Fabius3
528 2661 622 2738 atque
644 2677 679 2719 ea
702 2676 780 2739 quae
802 2656 841 2719 de
863 2655 1004 2720 Damone
1025 2662 1056 2719 et
1077 2657 1202 2721 Anaxa·

168 2782 241 2843 gera
261 2761 327 2823 Per.
351 2759 381 2822 4.
405 2757 435 2822 5.
460 2759 489 2821 6.
518 2759 555 2821 16
584 2764 749 2822 narrantur
778 2764 848 2821 ante
878 2778 914 2820 ea
937 2778 1016 2839 quae
1038 2757 1103 2821 Nic.
1129 2761 1149 2821 6
1172 2765 1203 2822 ct

167 2865 209 2928 23
232 2863 345 2947 scripta
366 2861 520 2940 videntur,
545 2861 676 2943 denique
697 2862 782 2925 idem
805 2862 843 2924 de
857 2861 972 2925 Pericle
994 2859 1147 2925 iudicium
1169 2861 1203 2925 in

167 2967 233 3031 vita
253 2965 359 3029 Niciae
382 2962 465 3048 quod
487 2963 521 3026 in
542 2962 659 3026 Pericle
681 2962 837 3027 invenitur
860 2962 912 3046 [cl.
928 2962 994 3027 Nic.
1019 2963 1048 3027 6.
1073 2962 1107 3046 9]
1132 2984 1203 3027 cum

168 3076 274 3134 contra
301 3069 336 3132 in
356 3068 422 3146 uita
449 3067 594 3147 Cimonis,
625 3088 703 3151 quae
730 3075 800 3131 ente
828 3066 977 3131 Periclem
1006 3066 1119 3151 scripta
1147 3075 1202 3146 est,

168 3174 262 3239 aliam
297 3171 482 3237 sententiam
513 3172 593 3236 Plut.
630 3177 752 3236 secutus
792 3172 840 3234 sit.
898 3171 958 3236 Sed
992 3172 1067 3236 haec
1101 3172 1204 3236 omnia

169 3279 308 3345 omittere
330 3277 410 3357 licet,
433 3299 508 3341 nam
522 3276 628 3341 nullus
644 3282 715 3340 ante
729 3275 877 3340 Periclem
900 3275 1086 3359 relinquitur
1107 3276 1202 3356 locus,

168 3385 225 3450 nbi
246 3383 353 3447 Niciae
376 3388 406 3446 et
430 3381 529 3445 Crassi
552 3381 633 3446 vitas
657 3386 841 3444 statuamus.
885 3380 958 3444 lam
980 3400 1051 3444 vero
1065 3434 1068 3440 .
1081 3379 1204 3445 Caesari

169 3493 200 3552 et
221 3483 396 3549 Alexandro
420 3482 521 3546 Crassi
544 3487 574 3546 et
595 3482 701 3546 Niciae
722 3482 804 3546 vitas
826 3483 1055 3566 anteponendas
1078 3502 1144 3545 esse
1166 3503 1204 3545 ex

170 3589 274 3653 Caton.
298 3584 375 3649 min.
399 3583 451 3649 51.
475 3583 559 3650 Caes,
583 3583 634 3646 22.
659 3584 763 3667 Comp.
787 3582 853 3646 Nic.
878 3590 908 3647 et
936 3585 1034 3648 Crass.
1057 3584 1079 3646 4
1101 3582 1204 3664 colligi

169 3697 278 3779 potest.
323 3687 496 3772 Exponitur
517 3686 568 3750 his
592 3687 736 3751 omnibus
758 3686 834 3751 locis
858 3687 1005 3752 Catonem
1026 3688 1060 3750 in
1083 3693 1202 3766 senatu,

170 3817 241 3859 cum
257 3791 393 3857 Caesaris
416 3792 454 3855 de
469 3790 630 3855 Germanis
646 3790 774 3855 uictoria
794 3792 998 3872 nuntiaretur,
1022 3791 1202 3876 postulasse,

170 3905 207 3961 ut
229 3896 388 3961 Germanis
411 3894 464 3958 ille
486 3894 609 3957 vinctus
632 3894 816 3973 traderetur3
844 3894 898 3958 sed
927 3896 960 3957 in
983 3895 1094 3957 Catone
1123 3894 1204 3957 falso

170 3999 246 4062 haec
268 4018 328 4062 vox
352 3995 475 4059 Catonis
506 4014 577 4057 curn
604 3999 728 4058 senatus
752 3993 901 4072 consulto,
930 4000 966 4057 ut
988 3993 1108 4058 Caesari
1137 4016 1204 4058 suc-
