2866 4482
614 218 816 291 -18-

195 392 280 460 hunc
294 392 377 462 Plut.
393 395 428 460 in
449 397 516 462 vita
530 396 690 463 Demosth.
709 399 726 462 1
751 405 782 463 et
803 399 854 477 31,
877 398 911 461 in
930 399 997 464 vita
1011 400 1128 481 Dionis,
1156 402 1171 465 l
1195 401 1230 466 in

194 498 262 564 vita
282 498 394 562 Thesei
417 498 445 577 1,
475 518 609 582 quarum
636 499 773 563 vitarum
802 499 865 562 alia
893 500 926 563 in
955 502 1073 585 primis,
1103 501 1167 566 alia
1195 503 1229 567 in

195 601 349 681 extremis,
373 600 436 664 elia
461 602 496 665 in
516 601 693 667 mediarum
715 624 843 667 numero
870 605 1014 687 ponenda
1042 614 1101 688 est3
1129 628 1229 690 neque

194 707 291 788 igitur
316 705 464 771 arbitrari
491 727 665 791 possumus,
695 707 736 771 ad
762 707 861 771 alium
891 708 948 772 has
975 710 1106 794 scriptas
1135 711 1230 776 fuisse

194 817 288 894 atque
305 808 390 891 illas,
421 818 452 876 et
480 811 555 875 satis
583 816 704 875 constat
731 809 813 875 Plut.
844 812 940 877 verba
968 812 1002 875 in
1024 813 1135 878 Timol.
1159 835 1227 897 pro·

194 911 308 975 oemio:
331 908 628 997 προκεχειρίσμεθά
643 926 695 975 σοι
711 911 751 975 ad
767 899 907 978 Sossium
921 912 1055 977 eundem
1069 914 1227 977 referenda

194 1034 268 1078 esse.
312 1013 372 1079 Sed
395 1033 587 1099 quamquam
610 1012 650 1077 ad
672 1013 832 1079 hominem
852 1015 1031 1081 Romanum
1052 1013 1133 1080 vitas
1155 1013 1226 1078 mit·

192 1117 287 1196 tebat,
313 1122 416 1181 tamen
438 1114 596 1180 aGraecis
618 1116 755 1181 maxime
778 1139 829 1183 eas
851 1117 912 1201 legi
926 1116 1035 1183 voluit.
1072 1117 1226 1182 Romano-

192 1239 264 1282 rum
292 1219 376 1283 enim
403 1217 574 1283 utilitatem
606 1218 641 1282 in
665 1219 739 1286 vitis
773 1241 845 1284 eum
878 1241 941 1285 uon
972 1227 1126 1305 spectasse
1154 1219 1227 1284 inde

192 1323 398 1408 perspicuum,
423 1321 505 1406 quod
528 1322 707 1407 saepissime
729 1324 857 1388 nomina
878 1324 1021 1390 Romana
1049 1332 1105 1391 aut
1132 1323 1228 1410 expli-

193 1446 262 1490 care
289 1430 345 1490 aut
371 1425 569 1510 interpretari
595 1430 653 1489 aut
681 1425 721 1488 ad
746 1425 899 1506 originem
926 1425 1070 1492 reducere
1098 1434 1227 1493 conatus

193 1535 247 1609 est,
272 1529 355 1614 quod
379 1530 509 1593 Graecos
532 1529 560 1593 si
581 1530 741 1614 spectabat
764 1529 962 1594 commodum
991 1531 1149 1615 quoddam
1171 1532 1226 1595 ha-

190 1631 294 1712 bebat,
310 1631 338 1697 si
352 1631 509 1695 Romanos
523 1631 656 1696 nullum.
680 1631 753 1708 Quis
769 1631 853 1695 enim
867 1631 989 1697 homini
1004 1633 1154 1711 Romano,
1172 1633 1226 1716 qui

192 1734 322 1799 Graecos
341 1732 437 1797 libros
453 1731 552 1813 legere
564 1731 670 1817 possit,
688 1731 789 1795 dicere
801 1752 866 1796 esse
877 1731 992 1814 λέγειν,
1010 1738 1065 1796 aut
1076 1752 1227 1814 magnum

191 1836 302 1915 μέγαν,
327 1839 383 1897 aut
404 1853 507 1915 rogem
528 1833 664 1917 βασιλέα
680 1834 730 1918 (cf.
746 1833 840 1897 Marc.
858 1835 908 1899 24.
926 1834 1038 1900 Sertor.
1060 1836 1106 1899 18.
1122 1833 1227 1898 Numa

192 1934 249 2020 21)
271 1934 396 2020 aliaque
419 1934 593 2000 eiusmodi
615 1943 759 2001 sexcenta
782 1957 932 2021 exponere
956 1936 1140 2003 conabitur?

276 2036 345 2101 Iam
366 2057 447 2117 vero,
471 2044 508 2102 ut
530 2037 570 2101 ad
592 2037 733 2102 ordinem
754 2038 860 2122 ipsum
882 2039 995 2103 horum
1017 2039 1130 2122 viginti
1152 2039 1226 2104 duo-

191 2163 262 2206 rum
273 2140 425 2207 librorum
431 2142 622 2222 accedamus,
635 2142 773 2226 primum
785 2163 822 2234 ex
833 2142 916 2209 Plut.
930 2143 1029 2227 ipsius
1040 2143 1227 2209 testimoniis

191 2251 329 2331 apparet,
354 2249 501 2329 quattuor
522 2244 662 2308 maxime·
682 2251 785 2329 partes
807 2245 964 2311 faciendas
994 2267 1067 2326 esse,
1090 2246 1226 2330 primam

192 2369 308 2426 earum,
338 2368 416 2432 quas
439 2345 572 2411 aliorum
594 2346 759 2410 hominum
784 2347 927 2431 precibus
949 2354 1121 2413 commotus
1142 2367 1224 2412 com-

191 2451 304 2536 posuit,
327 2450 468 2532 alteram,
493 2470 570 2535 quas
585 2471 642 2515 sua
657 2456 775 2534 sponte,
799 2457 836 2515 ut
850 2449 979 2517 haberet
993 2471 1084 2517 verae
1098 2449 1223 2514 virtutis

190 2552 342 2636 imagines
364 2551 495 2633 addidit,
519 2551 644 2617 tertiam
667 2551 800 2636 denique
823 2557 854 2615 et
875 2559 1021 2636 quartam
1035 2551 1225 2636 mythistori-

191 2677 298 2721 earum
314 2662 473 2735 1111111111,
498 2676 578 2740 quae
600 2675 792 2740 quamquam
806 2657 914 2737 magni
929 2657 1028 2720 animi
1042 2677 1105 2720 non
1119 2662 1226 2720 tamen

191 2777 314 2821 morum
347 2757 433 2821 omni
465 2756 619 2841 vituperio
651 2776 821 2822 vacuorum
858 2757 1000 2841 exempla
1032 2759 1223 2841 praeberent.

190 2862 257 2926 Hoc
280 2882 352 2924 cum
381 2880 418 2924 ex
440 2859 522 2925 Plut
552 2858 656 2926 verbis
683 2858 773 2923 facile
801 2858 904 2922 excuti
925 2857 1032 2943 possit,
1055 2859 1152 2924 miror
1173 2880 1225 2923 ne

190 2964 308 3028 minem
336 2962 438 3027 adhuc
465 2962 522 3026 has
550 2967 699 3045 quattuor
726 2966 828 3046 partes
857 2961 1012 3026 statuisse.
1063 2961 1168 3047 Atque
1191 2962 1227 3027 in

191 3067 298 3132 Pericl.
316 3067 444 3152 quidem
467 3075 544 3153 epte
570 3070 587 3131 l
611 3073 642 3131 et
657 3068 677 3130 2
693 3065 774 3132 Plut.
792 3065 926 3151 exponit,
950 3065 985 3130 in
1007 3067 1099 3132 rebus
1121 3065 1224 3131 humi-

191 3168 274 3233 libus
296 3169 422 3249 versari‚
447 3190 518 3233 cum
540 3169 716 3255 propositae
744 3170 808 3233 sint
829 3168 971 3249 maiores,
1002 3190 1067 3234 esse
1088 3167 1224 3232 hominis

190 3273 272 3339 servi
295 3279 326 3337 et
346 3274 493 3355 banausi3
516 3273 647 3337 Phidiae
668 3273 724 3337 illa
747 3295 839 3359 opera
862 3273 989 3358 quidem
1016 3275 1055 3338 ab
1079 3273 1224 3339 omnibus

192 3375 323 3455 laudari,
353 3396 416 3440 non
443 3383 550 3442 tamen
576 3377 681 3461 ipsum
708 3398 741 3440 se
768 3376 914 3440 Phidiam
942 3398 1007 3442 esse
1028 3365 1225 3461 'quemquam

191 3480 357 3543 honestum
390 3478 613 3564 concupiscere.
664 3479 822 3544 Virtutem
849 3500 921 3543 vero
950 3481 989 3545 ab
1023 3479 1087 3544 iilis
1120 3479 1221 3556 robur,

192 3602 393 3667 quascunque
421 3581 520 3666 pictor
547 3588 603 3645 aut
635 3582 747 3646 artifex
779 3584 884 3664 fingat,
914 3582 1004 3664 longe
1033 3603 1097 3646 esse
1125 3580 1224 3645 diver-

192 3706 272 3766 sam3
294 3684 367 3750 illas
381 3691 506 3748 tantum
521 3684 672 3767 gaudium
688 3691 718 3748 et
733 3685 972 3749 admirationem
986 3668 1119 3763 movere,
1142 3684 1224 3747 hanc

191 3786 332 3851 studium
369 3785 515 3851 imitandi
547 3786 647 3851 visam
680 3787 818 3850 incutere
847 3786 1009 3862 omnibus3
1042 3805 1122 3868 quae
1152 3804 1224 3846 cum

193 3897 273 3953 esset
302 3890 351 3954 vis
384 3889 527 3969 1111111ϊί1,
564 3909 596 3952 11
630 3890 828 3953 constituisse
861 3907 1055 3971 perseverare
1087 3887 1122 3950 in
1150 3885 1226 3951 vitis

192 3991 361 4056 scribendis
384 4000 414 4056 et
436 4014 520 4056 nunc
542 3993 669 4077 quidem
695 3991 916 4061 librordeoimo
939 3990 1137 4076 complexum
1159 4010 1225 4055 esse
