2866 4482
643 290 842 356 ..37-

118 545 122 551 1
225 487 305 549 quae
332 466 446 530 Catone
475 465 550 527 min.
580 464 623 527 34
656 469 830 529 narrantur.
883 463 978 528 Plura
1005 470 1172 548 possumus
1201 463 1259 528 hoc
1309 545 1312 551 Ι

222 572 288 635 1555
318 591 492 652 congerere:
520 570 696 633 Possumus
724 568 933 634 demonstrare
963 568 1160 652 Lysandrum
1188 575 1259 633 anto

222 672 404 758 Pelopidam
428 673 478 757 [cl.
503 671 602 734 Pelo
625 671 696 753 Lys.
713 670 797 735 5-7
819 671 882 734 Ρ51.
906 670 936 735 6.
961 671 1031 753 Lys
1056 670 1111 754 27]
1136 677 1166 735 et
1187 676 1259 735 auto

223 775 390 840 Camillum
420 774 472 858 [cf.
495 773 567 855 Lys.
594 772 642 837 15.
668 772 751 835 Cam.
780 770 842 855 19],
866 771 1048 854 Sullamque
1077 780 1148 837 ante
1171 773 1258 836 Cras·

223 898 294 941 sum
322 877 373 961 [cf.
405 877 510 960 Comp.
540 874 606 937 Nic.
637 881 666 938 et
695 874 793 936 Crass.
820 873 851 957 1]
881 878 912 936 ct
941 879 1012 937 ante
1035 873 1258 937 Alexandrum

183 1017 185 1020 <
224 979 275 1063 [cf.
300 978 377 1043 Sull.
400 979 451 1042 36.
475 976 566 1039 Alex.
590 974 645 1058 55]
670 980 700 1038 et
726 981 799 1039 ante
820 973 993 1038 Aemilium
1022 980 1053 1038 et
1075 974 1183 1039 Titum
1207 974 1256 1058 [cf.

223 1080 300 1147 Sull.
329 1081 380 1165 12]
404 1080 575 1146 Sertorium
598 1078 731 1162 denique
753 1083 825 1141 ante
846 1077 984 1141 Marium
1006 1078 1057 1162 [cf.
1079 1079 1156 1143 Sert.
1173 1079 1202 1143 3.
1227 1079 1256 1142 5.

222 1183 299 1246 Mar.
325 1186 353 1248 1.
377 1182 432 1266 44]
456 1180 644 1264 conscriptos
674 1199 749 1242 esse.
799 1178 859 1243 Sed
887 1200 927 1241 ne
954 1178 1038 1261 longi
1066 1180 1165 1243 simus
1193 1178 1258 1243 iam

222 1289 263 1352 ad
284 1287 341 1350 illa
369 1293 516 1370 quattuor
530 1270 617 1366 'iugc
646 1284 782 1347 vitarum
811 1303 986 1366 pergamus,
1016 1304 1095 1366 quae
1124 1288 1256 1363 sextum,

224 1391 402 1476 septimum,
427 1395 582 1467 octavum,
606 1407 723 1450 nonum
746 1384 863 1448 librum
887 1386 1127 1469 compleverunt.

307 1493 411 1576 Atque
438 1490 496 1554 hoc
524 1488 650 1572 quidem
684 1488 749 1551 iam
782 1510 884 1572 supra,
920 1488 1023 1570 quoad
1052 1489 1119 1551 fieri
1148 1497 1257 1573 potest,

145 1634 148 1637 ·
199 1595 516 1673 demonstravimus,
546 1593 732 1657 Phocionem
758 1598 830 1657 ante
851 1591 1033 1673 Aristidem,
1062 1593 1259 1677 Agidemque

222 1708 296 1767 ante
321 1699 501 1785 Pelopidam
531 1698 719 1781 conscriptos
749 1718 822 1761 esse.
868 1697 940 1761 Jam
968 1718 1040 1762 vero
1068 1697 1212 1762 Phocion·
1228 1705 1259 1764 ct

224 1805 298 1869 Cato
314 1803 415 1868 minor
438 1808 525 1866 sexto
548 1800 614 1863 loco
630 1798 727 1864 statui
742 1818 805 1863 non
827 1805 937 1883 potest.
975 1799 1057 1864 Nam
1071 1820 1134 1865 non
1157 1800 1258 1865 solum

222 1908 323 1992 plura,
353 1928 433 1990 quae
458 1907 492 1969 in
522 1903 729 1969 Demosthene
759 1908 789 1966 et
818 1903 962 1968 Cicerone
989 1904 1069 1968 Plut.
1095 1912 1258 1970 exsecutus

225 2014 280 2085 est,
304 2007 338 2070 in
359 2007 409 2072 his
431 2013 620 2092 repetuntur,
652 2015 749 2088 quam
775 2011 812 2068 ut
840 2006 947 2069 statim
969 2006 1052 2070 hunc
1074 2014 1147 2093 post
1167 2008 1259 2072 illum

226 2110 430 2193 compositum
460 2130 526 2172 esse
553 2107 766 2186 concedamus
796 2106 849 2170 sed
878 2106 973 2171 etiam
1000 2107 1034 2171 in
1062 2109 1155 2173 rebus
1181 2108 1258 2192 ipsis

226 2214 309 2278 etin
332 2213 493 2278 sententiis
516 2212 667 2277 nonnulla
689 2211 753 2275 alia
775 2210 809 2275 in
832 2210 947 2275 Catone
970 2216 1000 2277 et
1021 2212 1176 2276 Phocione
1199 2212 1262 2277 alia

224 2319 257 2382 in
278 2318 485 2382 Demosthene
513 2328 543 2380 et
571 2317 713 2381 Cicerone
741 2315 871 2400 protulit
902 2315 983 2381 Plut.
1014 2316 1066 2400 [cf.
1096 2319 1184 2381 Dem.
1210 2318 1259 2382 10.

223 2423 314 2487 Phoc.
343 2422 364 2487 5
391 2459 435 2469 -
463 2421 523 2484 Cic.
554 2421 604 2486 26.
641 2421 714 2485 Cato
748 2420 825 2484 min.
860 2419 912 2483 33.
944 2457 984 2467 -
1015 2421 1075 2486 Cic.
1106 2421 1157 2487 39.
1186 2422 1261 2486 Cato

223 2525 299 2589 min.
323 2524 389 2608 55].
434 2522 566 2605 Propius
594 2521 690 2603 igitur
718 2521 758 2584 ad
786 2521 937 2585 Periclem
958 2519 1060 2605 'quam
1087 2523 1127 2586 ad
1149 2523 1260 2588 Demo-

223 2627 366 2691 sthenem
380 2624 517 2690 Phocion
540 2629 570 2689 et
585 2624 658 2689 Cato
682 2623 870 2688 admovendi
892 2629 974 2688 sunt.
1013 2625 1116 2708 Atque
1139 2625 1167 2688 si
1180 2626 1260 2691 Pho-

224 2729 293 2793 cion
316 2734 345 2794 et
368 2729 441 2793 Cato
469 2728 520 2793 Ut.
551 2734 673 2793 sextum
703 2728 806 2791 locum
832 2747 907 2792 non
925 2726 1135 2807 obtinuerunt,
1164 2728 1261 2811 Agidi

97 2825 99 2829 ’
224 2839 255 2897 et
276 2833 433 2898 Cleomeni
455 2839 486 2897 et
508 2833 655 2897 Gracchis
683 2832 735 2896 hic
760 2832 987 2918 permittendus
1017 2839 1080 2912 555·
1107 2854 1182 2897 nam
1204 2854 1261 2897 nec

223 2936 378 3000 Aristides
400 2935 595 3016 Phocionem,
624 2957 681 3000 nec
708 2935 873 3021 Pelopidas
901 2936 1036 3019 Agidcm
1064 2957 1259 3021 praecurrere

223 3041 331 3121 potest.
377 3036 464 3113 Quod
487 3057 679 3120 quamquam
708 3057 771 3101 non
794 3038 994 3119 argumentis
1023 3057 1103 3120 quae
1130 3059 1169 3102 ex
1190 3039 1258 3125 ipso

223 3138 325 3220 Agide
348 3144 377 3203 et
399 3139 561 3203 Cleomene
583 3139 801 3203 aut'Gracchis
822 3140 987 3219 fluxerunt,
1012 3139 1066 3202 sed
1081 3145 1145 3203 arte
1168 3139 1258 3223 quasi

224 3241 360 3326 captiosa
389 3242 570 3306 conclusum
601 3247 654 3321 est,
683 3248 788 3305 tamen
816 3241 887 3306 aliis
914 3243 1007 3305 rebus
1030 3244 1256 3327 comprobatur.

223 3343 271 3406 Ex
291 3338 447 3427 prooemio
478 3344 561 3407 enim
583 3341 720 3422 Sertorii,
751 3342 887 3407 Cimonis
909 3343 1190 3427 Demosthenisque
1211 3343 1257 3406 in·

98 3444 103 3457 ‘
221 3444 326 3527 tellegi
347 3452 457 3530 potest,
482 3467 588 3510 omnes
611 3447 668 3510 hos
698 3447 793 3513 libros
817 3447 954 3512 vitarum
981 3447 1081 3529 magis
1103 3447 1257 3511 Romano·

222 3569 294 3612 rum
316 3548 481 3612 hominum
510 3571 604 3615 causa
632 3572 727 3634 quam
750 3552 936 3616 Graecorum
965 3549 1152 3634 conscriptos
1175 3569 1256 3631 esse3

223 3651 261 3714 de
283 3650 389 3716 Sullae
415 3651 481 3715 uita
509 3652 566 3715 hoc
593 3674 649 3716 nec
677 3654 882 3717 demonstrari
909 3674 964 3717 nec
992 3652 1121 3716 refutari
1142 3656 1256 3734 potest3

222 3754 347 3818 nullum
370 3754 453 3817 euim
475 3754 684 3839 praemittitur
706 3755 908 3839 prooemium.
946 3754 992 3818 De
1015 3752 1256 3818 Gracchis‘vcro

224 3862 254 3920 et
274 3856 374 3938 Agicle
397 3862 427 3920 et
449 3856 609 3921 Cleomene
636 3857 720 3921 idem
747 3857 947 3921 statuendum
976 3861 1030 3920 est.
1076 3856 1134 3919 His
1157 3855 1256 3919 omni-

224 3961 283 4023 bus
298 3957 387 4023 libris
402 3958 500 4040 magis
517 3960 703 4023 Graecorum
717 3959 800 4024 vitae
815 3959 952 4022 adiectae
968 3964 1049 4037 sunt,
1073 3978 1168 4040 quam
1184 3979 1255 4021 cum

223 4063 263 4126 iis
286 4062 467 4127 coniunctae
489 4063 647 4147 videntum
677 4064 759 4146 quod
783 4084 853 4127 cum
876 4064 920 4126 ita
943 4062 992 4141 sit,
1023 4082 1096 4126 sane
1117 4061 1171 4126 vix
1194 4061 1254 4129 alio
