2866 4482
639 261 830 326 -ffl-

217 433 313 497 illam.
357 433 467 517 ltaque
493 432 634 516 equidem
659 454 721 497 non
745 433 853 498 dubito
877 433 1008 518 septimo
1031 432 1096 498 loco
1120 441 1255 498 statuere

219 536 399 622 Pelopidam
422 542 452 600 et
467 536 655 616 Marcellum,
679 536 763 601 unde
786 537 916 602 efficitur
938 544 974 601 ut
996 543 1103 602 octavo
1118 537 1255 603 Phocion

218 649 248 707 et
271 642 344 705 Cato
373 640 437 719 Ut,
466 661 547 706 nono
576 641 731 705 Aristides
759 649 790 706 et
818 644 890 707 Cato
919 642 1005 706 Ceus
1035 642 1167 727 scriptus
1196 642 1254 705 sit3

218 753 248 811 et
271 746 346 810 haec
368 746 395 809 si
418 767 479 811 non
502 766 556 830 pre
579 746 670 811 certis
693 746 837 811 habenda
860 747 932 827 siut,
956 755 1060 810 tamen
1081 747 1122 811 ad
1144 768 1253 812 verum

219 873 313 936 quam
335 850 475 935 proxime
497 850 587 915 uobis
610 852 775 916 accessisse
797 851 949 915 ridemur.

305 956 363 1019 His
386 955 546 1034 absolutis,
577 956 618 1018 ad
640 955 771 1019 alteram
793 962 912 1040 partem
935 956 1071 1020 vitarum
1093 964 1255 1020 transeun-

221 1059 297 1122 dum
321 1064 375 1137 est,
400 1078 477 1142 quas
492 1057 678 1121 Plutarchus
700 1057 796 1121 libero
821 1077 876 1120 suo
894 1056 1047 1121 arbitratu
1070 1056 1130 1120 sibi
1153 1056 1254 1139 elegit,

218 1182 281 1225 non
309 1168 346 1224 11
374 1159 508 1224 alierum
534 1158 677 1243 precibus
706 1159 901 1237 satisfaceret,
930 1159 982 1222 sed
1013 1179 1146 1242 quorum
1175 1158 1255 1223 vitas

218 1261 257 1327 ad
280 1262 427 1327 virtutem
451 1260 647 1325 excitandam
669 1260 797 1325 idoneas
819 1260 950 1344 putavit,
981 1259 1038 1323 hos
1060 1266 1097 1324 ut
1118 1258 1255 1324 illustra·

220 1374 265 1431 ret
288 1367 400 1432 herum
423 1374 459 1431 ut
476 1345 593 1431 'nomeu
616 1364 708 1429 laude
730 1365 866 1446 ingenua
888 1365 989 1427 famae
1011 1363 1166 1427 insereret.
1204 1364 1255 1426 In-

219 1476 291 1534 sunt
313 1469 409 1551 igitur
430 1468 464 1531 in
486 1468 544 1531 hac
564 1472 651 1552 parte
673 1488 735 1546 eae,
768 1487 846 1549 quae
868 1464 1051 1548 plerumque
1073 1464 1255 1548 perfectissi-

218 1592 288 1638 mae
317 1569 458 1634 omnium
485 1569 621 1632 vitarum
648 1568 812 1647 habentur,
841 1565 1042 1632 Timoleontis
1071 1572 1101 1630 et
1127 1565 1255 1629 Aemilii

219 1675 421 1758 aliorumque.
474 1672 740 1756 Complectebatur
769 1678 873 1736 autem
901 1671 976 1735 haec
1004 1690 1084 1755 para,
1113 1674 1150 1733 ut
1176 1669 1256 1733 mihi

219 1777 352 1856 videtur,
381 1796 497 1855 eorum,
527 1796 603 1859 quos
632 1795 688 1839 nos
718 1774 879 1854 habemus,
911 1774 1006 1838 libres
1036 1772 1150 1852 decem,
1174 1772 1255 1838 vitas

220 1879 332 1961 viginti
354 1880 411 1944 hoc
433 1879 539 1943 ordine
562 1877 675 1941 editas:

377 1984 426 2048 10.
450 1982 599 2047 Periclem
623 1988 652 2045 et
674 1979 806 2046 Fabium
828 1979 1010 2044 llaximum.

378 2086 426 2149 11.
450 2086 570 2150 Niciam
593 2090 624 2149 ct
646 2082 799 2147 Crassum.

379 2190 426 2255 12.
450 2190 582 2254 Dionem
603 2195 634 2253 et
655 2187 798 2253 Brutum.

348 2333 350 2340 ,
375 2294 425 2359 13.
450 2294 674 2359 Timoleontem
696 2300 727 2358 et
747 2290 922 2358 Aemilium
944 2291 1098 2358 Paullum.

376 2398 425 2461 14.
450 2398 721 2482 Philopoemenem
744 2404 773 2460 et
794 2397 911 2461 Titum.

375 2501 415 2585 [?]
446 2500 682 2564 Themistoclem
705 2506 736 2565 et
758 2499 933 2564 Camillum.

447 2603 608 2667 Caesarem
630 2607 661 2665 et
682 2599 906 2664 Alexandrum.

445 2703 627 2786 Agesilaum
651 2708 682 2766 et
703 2700 895 2785 Pompeium.

374 2807 415 2892 [?]
439 2805 594 2890 Pyrrhum
616 2811 655 2869 etx
668 2803 812 2868 Marium.

375 2911 415 2995 [?]
440 2911 583 2976 Solonem
606 2916 636 2974 11
658 2908 859 2974 Publicolam.

305 3013 539 3076 Intercedebant
560 3013 698 3091 fortasse,
727 3016 758 3076 11
778 3010 813 3074 11
835 3011 919 3075 hunc
947 3010 1086 3076 ordinem
1108 3010 1254 3096 reeipien-

220 3117 278 3181 dae
306 3122 379 3181 sunt
407 3115 485 3179 aliae
511 3123 667 3200 praeterea
688 3117 780 3195 vitae,
810 3137 889 3200 quae
918 3122 1055 3180 servatae
1082 3136 1145 3180 non
1168 3121 1255 3198 sunt;

220 3217 273 3281 sed
295 3218 407 3282 harum
429 3215 586 3281 mentione
606 3217 664 3281 hoc
686 3217 751 3282 loco
775 3237 876 3281 carere
897 3236 1072 3302 possumus

305 3322 410 3405 Atque
436 3329 473 3385 ut
500 3320 540 3385 ad
568 3320 706 3403 singulas
734 3322 815 3385 vitas
844 3321 1070 3407 perveniamus,
1106 3322 1254 3386 Periclem

220 3423 347 3507 quidem
369 3430 399 3486 11
421 3421 554 3486 Fabium
576 3422 694 3487 decimo
717 3423 805 3503 libro,
835 3422 969 3487 Brutum
997 3431 1102 3489 autern
1130 3430 1160 3488 et
1182 3424 1254 3489 Dio·

218 3550 291 3591 nem
324 3526 505 3619 duodecimo
534 3528 768 3612 comprehensos
803 3527 899 3591 111111
929 3534 1055 3594 constat.
1108 3529 1157 3612 [11.
1187 3529 1253 3593 Per.

219 3633 248 3697 ⁴2.
264 3633 323 3697 Dio
339 3631 384 3716 2.]
421 3631 491 3695 Jam
511 3653 581 3696 vero
605 3631 639 3695 in
658 3632 718 3709 hae
739 3639 826 3717 parte
849 3633 993 3712 vitarum,
1018 3654 1097 3716 quae
1118 3640 1165 3697 est
1187 3632 1254 3696 eius

220 3733 355 3798 condicio
380 3738 409 3796 et
431 3738 549 3810 natura,
579 3754 650 3797 cum
677 3732 783 3798 ordine
806 3734 939 3818 quodam
961 3733 1164 3799 Plutarchum
1186 3755 1253 3817 pro·

220 3838 346 3901 cessisse
373 3837 437 3901 veri
465 3837 567 3901 simile
600 3837 649 3917 111,
683 3837 717 3901 id
745 3838 828 3922 quod
861 3839 1085 3923 comprobatur,
1121 3859 1192 3902 cum
1219 3838 1253 3902 in

219 3940 278 4004 hac
293 3948 392 4043 parte
414 3942 550 4006 vitarum
578 3962 815 4025 nonnumquam
838 3942 917 4006 vitas
943 3948 1050 4026 postea
1078 3941 1254 4007 scribendas

219 4042 434 4121 nominaverit,
471 4042 520 4129 [el.
551 4042 626 4108 Mar.
656 4043 707 4107 29.
737 4046 820 4109 t‘aes.
852 4042 908 4129 35]
938 4062 1000 4106 non
1028 4042 1127 4108 futilis
1155 4063 1255 4129 neque
