2866 4482
629 241 831 309 ..45-

211 421 332 505 μέιρον
347 418 471 503 ἔχωσιν,
485 402 584 503 ἧττον
598 414 673 492 ἴσως
688 415 719 481 ol
733 413 886 481 δύσκολοι
900 410 1181 502 κατηγορήσουσιν,
1199 420 1244 479 at-

212 546 273 608 que
295 523 494 587 manifestum
516 527 571 600 est,
595 519 755 584 Plutarchi
775 517 857 583 vitas
884 522 1007 603 propter
1028 518 1086 582 has
1109 517 1243 603 quaesti·

210 627 349 706 unculas,
380 646 457 710 quas
479 643 717 709 nonnumquam
745 622 893 687 iniecerat
913 621 1051 686 historiis
1079 620 1144 684 iarn
1173 626 1245 683 ante

210 751 306 815 quam
339 729 500 795 Caesarem
537 728 652 807 ederet,
686 727 946 812 vituperationem
986 725 1150 790 hominum
1182 745 1245 789 non

210 833 316 897 minus
343 829 599 917 imprudentium,
628 849 725 913 quam
752 828 807 912 qui
832 827 925 892 hodie
953 827 1156 892 Plutarchum
1183 846 1245 891 cor·

210 938 309 1022 ripere
332 935 441 1014 solent,
472 933 567 998 nescii
590 932 667 1017 quid
695 931 756 996 sibi
777 931 970 1017 proposuerit
992 932 1027 994 in
1048 931 1132 1011 vitio,
1161 931 1246 996 inve·

211 1042 302 1105 uisse.
353 1039 398 1103 At
430 1058 501 1103 vero
536 1056 608 1100 cum
642 1035 680 1098 de
713 1034 791 1100 vitio
825 1041 855 1099 et
889 1033 1013 1113 virtute,
1043 1035 1082 1098 de
1106 1036 1246 1101 moribus

211 1146 375 1211 hominum
399 1149 493 1227 atque
522 1141 560 1205 de
589 1140 694 1203 anima
723 1138 936 1224 compluribus
958 1139 992 1202 in
1014 1138 1089 1202 vitis
1110 1139 1245 1224 philoso-

212 1249 344 1332 phorum
366 1245 457 1310 modo
480 1267 498 1310 a
520 1243 685 1309 Plutarcho
709 1242 886 1321 disseratur,
914 1242 968 1306 vix
991 1241 1069 1306 alias
1091 1241 1246 1305 inveneris

211 1351 292 1416 vitas
314 1356 435 1437 praeter
456 1350 589 1413 Brutum
613 1347 663 1432 [cf.
688 1347 742 1431 25]
769 1345 944 1411 Aemilium
967 1345 1017 1429 [cf.
1044 1347 1092 1411 14.
1120 1345 1246 1428 15],Τί-

211 1444 280 1520 tum
310 1454 360 1538 [cf.
391 1446 445 1537 10]
475 1452 590 1537 quibus
623 1451 700 1515 tales
729 1470 777 1514 res
805 1449 963 1513 naturales
992 1448 1143 1512 admistae
1173 1449 1245 1512 sint.

212 1561 277 1624 Has
298 1559 394 1641 igitur
422 1562 494 1621 ante
523 1555 683 1620 Caesarem
711 1553 899 1637 conscriptas
928 1574 993 1617 esse
1016 1551 1151 1617 conicias
1174 1554 1248 1617 hinc

212 1660 411 1745 vituperandi
433 1659 624 1725 occasionem
638 1664 780 1723 exortam
802 1677 876 1736 esse,
900 1655 1039 1720 molestis
1061 1654 1126 1719 illis
1149 1654 1247 1718 homi-

213 1767 306 1831 nibus
329 1765 503 1829 credideris
541 1766 671 1829 Possum
693 1763 838 1827 hocloco
860 1768 1015 1847 praeterea
1038 1761 1248 1826 demonstrare

213 1868 321 1931 Titum
352 1874 421 1951 post
454 1869 603 1934 Catonem
637 1868 724 1931 Cens.
761 1866 967 1952 compositum
1000 1885 1066 1928 esse
1101 1864 1150 1947 [cf.
1181 1863 1246 1928 Cat.

216 1968 302 2032 Cens.
329 1968 378 2033 17.
401 1968 462 2032 Tit.
488 1971 537 2035 18.
564 1969 627 2054 19.]
652 1968 705 2033 sed
728 1968 786 2032 hoc
814 1989 869 2053 per
897 1989 929 2032 se
957 1968 1022 2030 iam
1050 1966 1169 2030 clarum
1192 1972 1247 2030 est.

301 2070 435 2133 Transeo
464 2071 505 2134 ad
533 2070 632 2135 vitam
659 2068 875 2134 Themistoclis
903 2073 934 2132 et
962 2067 1095 2147 Camilli,
1125 2087 1201 2150 quas
1229 2087 1249 2128 a
1327 2068 1334 2078 '

215 2172 380 2238 Plutarcho
403 2174 582 2240 coniunctas
597 2197 670 2256 esse,
695 2174 871 2258 negandum
891 2194 954 2237 non
977 2178 1031 2252 est,
1056 2190 1247 2255 quamquam

213 2275 310 2340 huius
333 2275 377 2339 rei
399 2284 582 2360 argumenta
603 2298 666 2343 non
694 2278 739 2341 ita
765 2276 800 2339 in
821 2279 968 2361 promptu
997 2280 1080 2354 sunt,
1108 2293 1179 2336 cum
1201 2272 1247 2335 in-

213 2377 330 2442 terierit
352 2379 550 2464 comparatio,
575 2399 630 2442 nec
651 2378 686 2440 in
700 2378 766 2451 vita
788 2380 885 2444 altera
901 2377 1028 2443 alterius
1045 2375 1160 2439 mentio
1183 2374 1248 2437 ulla

213 2476 373 2558 iniciatur3
402 2478 485 2561 quod
507 2476 595 2540 idem
621 2485 778 2561 praeterea
806 2480 841 2542 in
862 2479 936 2543 vitis
963 2477 1075 2560 Pyrrhi
1104 2483 1134 2540 et
1149 2475 1248 2542 sMarii

214 2581 280 2644 fieri
301 2580 454 2645 videmus.
500 2580 562 2645 Sed
584 2600 656 2644 cum
683 2581 717 2643 in
739 2582 885 2647 omnibus
909 2582 1097 2647 editionibus
1121 2580 1247 2644 coniun-

214 2692 335 2765 gantur,
365 2691 395 2748 et
424 2703 539 2764 umnec,
568 2683 623 2768 qui
651 2704 734 2746 nunc
762 2683 889 2768 quidem
916 2684 953 2748 de
980 2683 1145 2748 Plutarcho
1176 2682 1248 2745 scri-

213 2789 300 2866 bunt,
335 2806 508 2871 numquam
535 2786 617 2849 hauc
644 2807 710 2849 rem
742 2785 776 2848 in
805 2784 938 2849 dubium
966 2791 1123 2864 vocarunt,
1159 2804 1248 2868 argu-

213 2897 319 2953 menta
348 2895 421 2953 nota
449 2909 516 2952 esse
545 2888 718 2968 credideris,
755 2909 834 2972 quae
863 2888 1007 2971 equidem
1034 2887 1131 2951 missa
1159 2886 1247 2965 facio,

214 3010 253 3051 ne
280 2991 375 3053 nimis
407 2991 588 3055 fastidiosus
615 2990 731 3055 videar.
776 2990 843 3054 Hae
871 3010 942 3053 vero
974 2987 1188 3052 Themistoclis
1218 2993 1249 3051 et

215 3090 336 3167 Camilli
350 3091 435 3155 vitae
458 3098 530 3156 ante
550 3092 711 3156 Caesarem
725 3098 756 3155 et
771 3090 984 3156 Alexandrum
1007 3089 1137 3174 scriptae
1159 3094 1249 3169 sunt;

214 3212 287 3256 nam
309 3191 343 3256 in
364 3191 431 3257 vita
459 3191 582 3256 Camilli
609 3198 677 3276 cpte
707 3192 746 3257 19
773 3192 921 3274 legimus:
951 3188 1010 3256 oda
1038 3185 1146 3273 ω’γνοιιῖ
1169 3183 1248 3254 δ’ὅιι

214 3293 290 3380 περὶ
311 3293 348 3360 τὸ
371 3297 437 3362 τοῖν
460 3293 644 3381 μυστηρίων
658 3291 772 3378 καιρόν
793 3277 894 3369 αὖθις
912 3293 1024 3380 Θῆβαί
1037 3314 1072 3358 τε
1094 3289 1248 3357 κατεσκά-

214 3422 323 3488 φησαν
344 3394 402 3466 ὑπ’
422 3394 638 3485 Ἀλεξάνδρου
660 3396 715 3464 καὶ
741 3396 824 3480 μετὰ
851 3402 955 3465 ταῦτα
978 3394 1126 3483 φρουρὰν
1146 3391 1248 3482 Ἀθη-

212 3510 299 3570 ναῖοι
321 3498 524 3569 Μακεδόνων
545 3498 694 3577 ἐδέξαντο
718 3499 795 3585 περὶ
817 3497 919 3587 αὐτὴν
947 3497 1059 3565 εἰκάδα
1081 3502 1143 3565 τοῦ
1164 3505 1250 3585 Βοη-

213 3610 413 3694 δρομιῶνιος
441 3592 464 3693 ᾗ
491 3603 549 3670 τὸν
569 3604 726 3688 μυστικὸν
748 3602 878 3686 Ἰυκχον
906 3602 1062 3684 ἐξάγουσι.
1092 3624 1168 3668 usus
1195 3624 1250 3667 au·

212 3720 276 3776 tem
299 3721 329 3778 et
352 3711 507 3777 sententia
529 3713 694 3777 verborum
717 3707 777 3775 οὐκ
799 3704 907 3789 α’γνοῶ
928 3708 1076 3793 postulat,
1099 3714 1136 3771 ut
1158 3714 1250 3773 antea

214 3815 382 3878 decadem
411 3835 443 3878 re
471 3814 612 3878 nondmn
635 3814 832 3897 disputatum
854 3811 909 3892 sit;
937 3809 1095 3895 praecedit
1122 3810 1249 3872 Demos,

214 3915 316 3979 thenis
331 3916 406 3996 rita,
430 3918 464 3979 in
482 3939 544 4002 qua
559 3938 631 3981 eum
647 3916 764 3979 occasio
780 3912 1042 3977 commemorandi
1056 3911 1159 3990 fuerit,
1183 3930 1246 3974 non

214 4019 383 4098 disseritur,
420 4043 480 4103 quo
509 4028 646 4105 tempore
674 4019 799 4081 Thebae
829 4017 949 4080 dirutae
978 4016 1050 4078 sint.
1104 4016 1147 4078 At
1176 4035 1248 4079 vero
