2866 4482
645 216 844 281 -49—

227 390 380 478 Atquesi
402 382 473 477 post
488 391 656 470 Caesarem,
680 396 750 476 post
765 388 948 475 Pompeium
970 384 1065 454 etiarn
1086 391 1159 455 illae
1173 389 1257 455 vitae
1309 454 1331 479 5

225 496 316 561 Marii
338 504 370 560 et
391 493 504 578 Pyrrhi
526 492 757 557 constituendae
779 498 861 556 sunt.

311 601 350 664 In
376 598 468 663 Marii
494 619 566 662 vere
593 597 659 662 vita
687 593 755 682 epte
788 597 829 662 29
858 595 974 661 Metelli
1001 595 1099 662 vitam
1126 619 1158 663 sc
1187 619 1256 661 ccu-

143 687 145 691 ·
226 703 414 788 scripturum
436 724 510 783 esse,
534 701 698 788 promittit,
722 722 818 785 quam
833 708 940 765 utrum
963 700 1119 786 scripserit
1140 720 1197 764 nec
1218 722 1257 763 ne

226 807 265 872 ab
287 806 335 887 iis,
359 806 415 890 qui
428 807 524 870 huius
539 805 622 871 uitae
637 805 829 895 mentionem
850 805 979 884 faciunt,
1004 802 1143 868 dubitari
1165 802 1256 885 solet,

226 907 279 972 sed
301 904 378 973 haec
392 908 546 974 dubitatio
567 906 772 993 praecidenda
795 914 857 988 est3
880 906 1004 993 scripsit
1024 906 1158 991 profecto
1174 905 1256 970 Plut.

106 1068 109 1071 .
224 1011 342 1077 Metelli
356 1013 463 1090 vitam,
487 1032 679 1096 quamquam
694 1012 784 1077 nobis
799 1011 879 1076 nihil
894 1012 957 1075 nisi
971 1011 1083 1075 titulus
1107 1017 1256 1091 servatus,

225 1134 281 1177 nec
309 1117 418 1176 notum
447 1120 502 1194 est,
537 1134 671 1197 quocum
690 1114 830 1178 homine
858 1115 972 1179 Graeco
1006 1113 1062 1178 illa
1095 1114 1258 1178 coniuncta

225 1213 327 1277 fuerit.
372 1213 410 1277 In
431 1215 589 1299 prooemio
611 1215 695 1280 enim
716 1215 827 1279 Thesei
849 1216 930 1280 Plut.
955 1215 1039 1295 dicit,
1068 1237 1104 1279 ea
1127 1236 1159 1279 se
1179 1223 1257 1280 tem-

225 1336 310 1401 pora,
333 1335 467 1399 quorum
481 1316 612 1381 historia
631 1317 722 1382 certis
744 1317 881 1383 fontibus
896 1317 1054 1396 niteretur,
1078 1317 1256 1381 absolvisse.

225 1416 387 1481 Metellum
408 1416 512 1497 igitur,
537 1418 625 1482 cuins
641 1419 739 1484 vitam
756 1418 952 1485 scribendam
974 1419 1034 1483 sibi
1057 1419 1256 1505 imposuerat,

226 1537 298 1580 cum
312 1515 467 1581 Theseum
482 1518 637 1600 scriberet,
659 1521 726 1584 iam
741 1521 920 1601 confecerat,
945 1540 1044 1606 neque
1059 1520 1125 1585 ulla
1147 1520 1259 1585 idonea

225 1624 394 1698 causaest,
419 1621 529 1684 curin
552 1642 699 1708 suspenso
714 1622 905 1702 haereamus
930 1644 1007 1686 num
1022 1622 1104 1685 hanc
1126 1642 1256 1707 quoque,

139 1723 141 1727 ’
224 1722 421 1808 cumplures
443 1730 513 1810 post
535 1725 671 1791 Marium
694 1728 858 1812 scripserit,
882 1727 956 1791 vitis
979 1726 1137 1812 parallelis
1160 1726 1258 1808 inges-

224 1825 313 1902 serit;
334 1826 432 1887 immo
447 1827 624 1908 proximam
645 1827 727 1891 hanc
742 1828 840 1893 Mario
863 1830 958 1895 fuisse
980 1831 1124 1895 contendi
1147 1837 1256 1915 potest.

310 1923 493 1991 Proximum
516 1934 571 2010 est,
594 1935 631 1994 ut
653 1918 695 1995 de
714 1952 776 1996 uno
799 1931 854 1996 ille
882 1933 954 2015 iugo
976 1934 1113 1998 vitarum
1136 1933 1258 1998 Solonis

224 2031 256 2090 et
282 2025 467 2109 Publicolae,
497 2030 581 2114 qued
609 2053 647 2096 ex
675 2032 773 2097 altera
798 2040 887 2118 parte
920 2041 1059 2119 superest
1085 2034 1257 2099 videamus.

223 2126 289 2189 Hoc
311 2135 430 2193 certum
453 2136 499 2195 est
520 2138 592 2196 ante
607 2132 805 2199 Alcibiadem
828 2141 859 2200 11
881 2134 1078 2200 Coriolanum
1103 2136 1255 2222 conscrip-

224 2235 293 2295 tum
323 2251 390 2295 esse
420 2232 471 2317 [cf.
500 2234 566 2300 Cor.
598 2236 640 2302 33
667 2236 884 2314 Ποπλικόλας
911 2234 974 2321 μὲν
1002 2222 1063 2306 οὖν
1089 2237 1261 2328 ἐτεθνήκει

223 2329 385 2418 πρότερον
410 2335 453 2410 ὥς
474 2333 511 2403 ἐν
530 2345 597 2412 τοῖς
619 2336 697 2421 περὶ
723 2336 849 2406 ἐκείνου
878 2344 1109 2427 γεγραμμένοις
1134 2343 1259 2432 ἱστορή·

224 2437 352 2518 111111]
380 2458 437 2499 nec
463 2440 545 2502 inter
571 2442 804 2522 mythistoricas
831 2445 898 2509 ullo
925 2447 1018 2511 modo
1045 2450 1119 2534 poni
1147 2456 1257 2535 potest.

226 2533 286 2598 Sed
313 2555 394 2618 quae
421 2542 495 2602 sunt
527 2537 641 2603 harum
669 2540 806 2606 vitarum
838 2550 987 2631 tempora,
1022 2549 1103 2613 nihil
1130 2551 1257 2632 habeut,

226 2633 404 2716 quodcum
431 2637 549 2702 111111
577 2640 742 2708 Plutarcho
772 2647 952 2732 conscriptis
982 2649 1056 2713 vitis
1085 2654 1255 2737 comparari

224 2733 331 2814 possit.
381 2732 448 2800 Hoc
476 2759 576 2803 unum
603 2749 755 2826 apertum,
786 2746 875 2811 elteri
903 2750 986 2835 perti
1014 2772 1065 2815 eas
1092 2755 1257 2820 tradendas

224 2855 298 2900 esse.
333 2837 376 2935 At
390 2861 462 2906 vere
477 2864 575 2908 unum
593 2856 810 2929 argumentum
827 2852 900 2915 addi
915 2862 1025 2939 petest,
1049 2858 1132 2940 quod
1148 2880 1256 2943 quam-

225 2954 320 3017 qnam
347 2960 411 3004 nnn
437 2952 508 3026 pest
537 2954 635 3012 certas
665 2953 818 3032 quasdam
845 2953 924 3018 alias
951 2958 1032 3021 vitas
1059 2959 1204 3024 Solonem
1227 2970 1257 3026 ct

14 3041 22 3071 ³
134 3058 140 3070 ¹
225 3034 420 3107 Publicolam
443 3045 541 3110 editos
564 3070 631 3112 esse
652 3054 852 3138 demonstrat,
876 3065 990 3140 tamen,
1021 3082 1082 3146 quo
1104 3064 1166 3128 fere
1189 3065 1255 3130 loco

223 3143 358 3224 ponendi
381 3146 452 3228 sint,
484 3149 592 3216 docere
612 3161 721 3240 potest.
767 3159 925 3227 Plutarchi
953 3164 1036 3232 enim
1065 3173 1119 3249 cst,
1148 3188 1255 3235 omnes
1377 3243 1380 3249 ,

223 3245 304 3310 vitas
326 3251 468 3317 versibus
491 3256 681 3340 quibusdam
710 3284 749 3328 ex
775 3267 875 3350 poetis
905 3270 1037 3356 sumptis
1058 3292 1255 3360 perspergere

222 3349 258 3408 ut
279 3353 310 3410 11
331 3353 434 3416 verbis
447 3357 581 3423 »accedat
603 3381 698 3427 senus
721 3371 752 3430 et
773 3367 896 3452 placitis
926 3371 991 3435 suis
1019 3393 1056 3437 ac
1083 3378 1253 3463 praeceptis

220 3444 306 3564 lepor
327 3451 456 3533 qnidam
471 3462 596 3526 oratius.
634 3466 700 3531 Hoc
723 3467 885 3535 aPlatone
899 3475 990 3558 quasi
1012 3458 1182 3544 hereditate
1205 3502 1253 3545 ac-

219 3558 308 3634 ceprt,
332 3554 422 3619 cuius
442 3559 503 3626 fnit
519 3561 691 3651 discipulus
714 3570 956 3640 studiosisimus.
994 3579 1086 3644 Hunc
1108 3580 1205 3664 igitur
1219 3584 1253 3646 in

219 3654 347 3771 modum
369 3665 507 3740 ,musaeo
535 3669 716 3755 contingens
739 3685 851 3743 cuncte
876 3677 988 3765 leperc'
1017 3704 1093 3748 usus
1121 3694 1168 3752 est
1190 3687 1251 3751 Ho-

219 3761 339 3823 mericis
367 3768 558 3836 carminibus
581 3774 631 3860 [cf.
656 3774 760 3865 Gomp.
785 3781 881 3847 Arist.
906 3792 936 3849 11
958 3787 1021 3852 Cat.
1045 3788 1075 3853 3.
1100 3789 1173 3856 Feb.
1201 3793 1249 3857 19.

217 3852 310 3922 Marc.
343 3868 369 3934 1.
393 3868 452 3935 Dio
476 3874 526 3940 18.
552 3876 618 3941 Gor.
648 3879 700 3944 22.
730 3880 781 3947 32.
811 3883 901 3950 Aem.
931 3888 982 3953 34.
1010 3888 1169 3957 Demosth.
1200 3896 1249 3961 10.

214 3957 322 4041 Pyrrh.
350 3968 586 4046 11111111.
612 3984 640 4046 P.
665 3983 769 4069 Cemp.
794 3986 872 4053 Sull.
897 3997 927 4055 et
949 3992 1019 4076 Lys.
1048 3998 1073 4060 l.
1099 3998 1172 4062 Aut.
1200 4000 1248 4063 10.

1023 4114 1041 4167 4
