<?xml version="1.0" encoding="UTF-8"?>
<!DOCTYPE html PUBLIC "-//W3C//DTD XHTML 1.0 Transitional//EN"
    "http://www.w3.org/TR/xhtml1/DTD/xhtml1-transitional.dtd">
<html xmlns="http://www.w3.org/1999/xhtml" xml:lang="en" lang="en">
 <head>
  <title>
</title>
<meta http-equiv="Content-Type" content="text/html;charset=utf-8" />
  <meta name='ocr-system' content='tesseract 3.04.00' />
  <meta name='ocr-capabilities' content='ocr_page ocr_carea ocr_par ocr_line ocrx_word'/>
</head>
<body>
  <div class='ocr_page' id='page_1' title='image "./deordinevitarum00michgoog_0062.png"; bbox 0 0 2866 4482; ppageno 0'>
   <div class='ocr_carea' id='block_1_1' title="bbox 600 234 846 334">
    <p class='ocr_par' dir='ltr' id='par_1_1' title="bbox 600 234 846 334">
     <span class='ocr_line' id='line_1_1' title="bbox 600 234 846 334; baseline 0.004 -15"><span class='ocrx_word' id='word_1_1' title='bbox 600 234 846 334; x_wconf 21' lang='lat'>.,=’&#39;53&#39;‘</span> 
     </span>
    </p>
   </div>
   <div class='ocr_carea' id='block_1_2' title="bbox 195 391 1304 2645">
    <p class='ocr_par' dir='ltr' id='par_1_2' title="bbox 227 391 1264 1410">
     <span class='ocr_line' id='line_1_2' title="bbox 229 391 1263 493; baseline -0.012 -16"><span class='ocrx_word' id='word_1_2' title='bbox 229 434 291 478; x_wconf 87' lang='lat' dir='ltr'>non</span> <span class='ocrx_word' id='word_1_3' title='bbox 312 411 417 476; x_wconf 84' lang='lat' dir='ltr'>minus</span> <span class='ocrx_word' id='word_1_4' title='bbox 440 429 491 473; x_wconf 89' lang='lat' dir='ltr'>eos</span> <span class='ocrx_word' id='word_1_5' title='bbox 514 427 647 493; x_wconf 90' lang='lat' dir='ltr'>quorum</span> <span class='ocrx_word' id='word_1_6' title='bbox 669 391 800 470; x_wconf 86' lang='lat' dir='ltr'>historia</span> <span class='ocrx_word' id='word_1_7' title='bbox 826 411 908 469; x_wconf 89' lang='lat' dir='ltr'>certa</span> <span class='ocrx_word' id='word_1_8' title='bbox 936 402 1118 469; x_wconf 87' lang='lat' dir='ltr'>auctoritate</span> <span class='ocrx_word' id='word_1_9' title='bbox 1139 404 1263 466; x_wconf 86' lang='lat' dir='ltr'>firmata</span> 
     </span>
     <span class='ocr_line' id='line_1_3' title="bbox 229 507 1263 598; baseline -0.011 -17"><span class='ocrx_word' id='word_1_10' title='bbox 229 522 316 596; x_wconf 89' lang='lat' dir='ltr'>esset,</span> <span class='ocrx_word' id='word_1_11' title='bbox 340 534 435 598; x_wconf 90' lang='lat' dir='ltr'>quam</span> <span class='ocrx_word' id='word_1_12' title='bbox 451 533 583 598; x_wconf 92' lang='lat' dir='ltr'>quorum</span> <span class='ocrx_word' id='word_1_13' title='bbox 598 512 679 576; x_wconf 86' lang='lat' dir='ltr'>vitas</span> <span class='ocrx_word' id='word_1_14' title='bbox 693 509 872 575; x_wconf 85' lang='lat' dir='ltr'>fabularum</span> <span class='ocrx_word' id='word_1_15' title='bbox 886 508 983 590; x_wconf 88' lang='lat' dir='ltr'>caligo</span> <span class='ocrx_word' id='word_1_16' title='bbox 1006 507 1187 573; x_wconf 77' lang='lat' dir='ltr'>involvisset</span> <span class='ocrx_word' id='word_1_17' title='bbox 1209 511 1263 570; x_wconf 89' lang='lat' dir='ltr'>ant</span> 
     </span>
     <span class='ocr_line' id='line_1_4' title="bbox 228 607 1262 700; baseline -0.011 -18"><span class='ocrx_word' id='word_1_18' title='bbox 228 617 391 700; x_wconf 75' lang='lat' dir='ltr'>genuisset,</span> <span class='ocrx_word' id='word_1_19' title='bbox 409 614 520 678; x_wconf 86' lang='lat' dir='ltr'>deinde</span> <span class='ocrx_word' id='word_1_20' title='bbox 534 634 606 679; x_wconf 81' lang='lat' dir='ltr'>vero</span> <span class='ocrx_word' id='word_1_21' title='bbox 622 612 849 691; x_wconf 75' lang='lat' dir='ltr'>eossuoiceret,</span> <span class='ocrx_word' id='word_1_22' title='bbox 868 631 945 695; x_wconf 90' lang='lat' dir='ltr'>quos</span> <span class='ocrx_word' id='word_1_23' title='bbox 961 629 1187 691; x_wconf 79' lang='lat' dir='ltr'>nonnunquam</span> <span class='ocrx_word' id='word_1_24' title='bbox 1204 607 1262 672; x_wconf 87' lang='lat' dir='ltr'>vir·</span> 
     </span>
     <span class='ocr_line' id='line_1_5' title="bbox 229 708 1263 802; baseline -0.011 -19"><span class='ocrx_word' id='word_1_25' title='bbox 229 725 329 795; x_wconf 86' lang='lat' dir='ltr'>tutem</span> <span class='ocrx_word' id='word_1_26' title='bbox 343 717 520 802; x_wconf 89' lang='lat' dir='ltr'>repudiasse</span> <span class='ocrx_word' id='word_1_27' title='bbox 536 724 567 782; x_wconf 87' lang='lat' dir='ltr'>ct</span> <span class='ocrx_word' id='word_1_28' title='bbox 582 715 728 798; x_wconf 77' lang='lat' dir='ltr'>dignitati</span> <span class='ocrx_word' id='word_1_29' title='bbox 743 735 817 779; x_wconf 87' lang='lat' dir='ltr'>suae</span> <span class='ocrx_word' id='word_1_30' title='bbox 833 713 965 777; x_wconf 77' lang='lat' dir='ltr'>defuisse</span> <span class='ocrx_word' id='word_1_31' title='bbox 980 712 1105 776; x_wconf 89' lang='lat' dir='ltr'>videret.</span> <span class='ocrx_word' id='word_1_32' title='bbox 1141 710 1204 774; x_wconf 85' lang='lat' dir='ltr'>Nec</span> <span class='ocrx_word' id='word_1_33' title='bbox 1219 708 1263 773; x_wconf 89' lang='lat' dir='ltr'>al·</span> 
     </span>
     <span class='ocr_line' id='line_1_6' title="bbox 228 811 1263 897; baseline -0.012 -11"><span class='ocrx_word' id='word_1_34' title='bbox 228 820 285 886; x_wconf 86' lang='lat' dir='ltr'>teri</span> <span class='ocrx_word' id='word_1_35' title='bbox 300 820 372 884; x_wconf 91' lang='lat' dir='ltr'>huic</span> <span class='ocrx_word' id='word_1_36' title='bbox 388 817 650 887; x_wconf 84' lang='grc' dir='ltr'><strong>1111111111Ρ111.</strong></span> <span class='ocrx_word' id='word_1_37' title='bbox 664 817 759 882; x_wconf 84' lang='lat' dir='ltr'>verba</span> <span class='ocrx_word' id='word_1_38' title='bbox 773 814 908 882; x_wconf 87' lang='grc' dir='ltr'><strong>11Τ1111.</strong></span> <span class='ocrx_word' id='word_1_39' title='bbox 925 814 941 876; x_wconf 89' lang='lat'>1</span> <span class='ocrx_word' id='word_1_40' title='bbox 954 820 1135 897; x_wconf 89' lang='lat' dir='ltr'>repugnant,</span> <span class='ocrx_word' id='word_1_41' title='bbox 1151 811 1263 876; x_wconf 89' lang='lat' dir='ltr'>utiam</span> 
     </span>
     <span class='ocr_line' id='line_1_7' title="bbox 228 914 1263 1009; baseline -0.012 -20"><span class='ocrx_word' id='word_1_42' title='bbox 228 944 322 1009; x_wconf 87' lang='lat' dir='ltr'>supra</span> <span class='ocrx_word' id='word_1_43' title='bbox 345 923 464 987; x_wconf 90' lang='lat' dir='ltr'>dictum</span> <span class='ocrx_word' id='word_1_44' title='bbox 486 926 539 991; x_wconf 86' lang='lat' dir='ltr'>est.</span> <span class='ocrx_word' id='word_1_45' title='bbox 589 920 649 985; x_wconf 86' lang='lat' dir='ltr'>Sed</span> <span class='ocrx_word' id='word_1_46' title='bbox 673 921 699 984; x_wconf 91' lang='lat' dir='ltr'>si</span> <span class='ocrx_word' id='word_1_47' title='bbox 721 925 801 983; x_wconf 88' lang='lat' dir='ltr'>recte</span> <span class='ocrx_word' id='word_1_48' title='bbox 823 916 1018 996; x_wconf 73' lang='lat' dir='ltr'>coniecimus</span> <span class='ocrx_word' id='word_1_49' title='bbox 1042 937 1096 1000; x_wconf 93' lang='lat' dir='ltr'>per</span> <span class='ocrx_word' id='word_1_50' title='bbox 1119 914 1263 980; x_wconf 86' lang='lat' dir='ltr'>Solonem</span> 
     </span>
     <span class='ocr_line' id='line_1_8' title="bbox 227 1018 1262 1108; baseline -0.011 -15"><span class='ocrx_word' id='word_1_51' title='bbox 227 1035 258 1093; x_wconf 90' lang='lat' dir='ltr'>et</span> <span class='ocrx_word' id='word_1_52' title='bbox 279 1025 474 1092; x_wconf 77' lang='lat' dir='ltr'>Publicolam</span> <span class='ocrx_word' id='word_1_53' title='bbox 495 1025 535 1089; x_wconf 92' lang='lat' dir='ltr'>ad</span> <span class='ocrx_word' id='word_1_54' title='bbox 551 1025 727 1108; x_wconf 80' lang='lat' dir='ltr'>Lycurgum</span> <span class='ocrx_word' id='word_1_55' title='bbox 749 1030 780 1087; x_wconf 88' lang='lat' dir='ltr'>et</span> <span class='ocrx_word' id='word_1_56' title='bbox 794 1022 930 1086; x_wconf 84' lang='lat' dir='ltr'>Numam</span> <span class='ocrx_word' id='word_1_57' title='bbox 952 1020 1128 1106; x_wconf 85' lang='lat' dir='ltr'>pervenisse</span> <span class='ocrx_word' id='word_1_58' title='bbox 1141 1018 1262 1083; x_wconf 87' lang='lat' dir='ltr'>Plutar-</span> 
     </span>
     <span class='ocr_line' id='line_1_9' title="bbox 228 1122 1264 1213; baseline -0.007 -21"><span class='ocrx_word' id='word_1_59' title='bbox 228 1130 330 1209; x_wconf 82' lang='lat' dir='ltr'>chum,</span> <span class='ocrx_word' id='word_1_60' title='bbox 359 1128 508 1213; x_wconf 87' lang='lat' dir='ltr'>sequitur,</span> <span class='ocrx_word' id='word_1_61' title='bbox 539 1135 576 1192; x_wconf 93' lang='lat' dir='ltr'>ut</span> <span class='ocrx_word' id='word_1_62' title='bbox 602 1127 743 1212; x_wconf 85' lang='lat' dir='ltr'>Lycurgi,</span> <span class='ocrx_word' id='word_1_63' title='bbox 773 1126 902 1204; x_wconf 85' lang='lat' dir='ltr'>Numae,</span> <span class='ocrx_word' id='word_1_64' title='bbox 938 1124 1049 1189; x_wconf 83' lang='lat' dir='ltr'>Thesei</span> <span class='ocrx_word' id='word_1_65' title='bbox 1076 1122 1264 1206; x_wconf 81' lang='lat' dir='ltr'>Romulique</span> 
     </span>
     <span class='ocr_line' id='line_1_10' title="bbox 228 1225 1262 1311; baseline -0.004 -17"><span class='ocrx_word' id='word_1_66' title='bbox 228 1230 320 1311; x_wconf 82' lang='lat' dir='ltr'>vitae,</span> <span class='ocrx_word' id='word_1_67' title='bbox 343 1229 439 1295; x_wconf 91' lang='lat' dir='ltr'>nullis</span> <span class='ocrx_word' id='word_1_68' title='bbox 461 1228 531 1293; x_wconf 91' lang='lat' dir='ltr'>aliis</span> <span class='ocrx_word' id='word_1_69' title='bbox 553 1228 722 1294; x_wconf 88' lang='lat' dir='ltr'>interiectis</span> <span class='ocrx_word' id='word_1_70' title='bbox 748 1227 905 1311; x_wconf 82' lang='lat' dir='ltr'>excipiant</span> <span class='ocrx_word' id='word_1_71' title='bbox 932 1225 1137 1306; x_wconf 86' lang='lat' dir='ltr'>Publicolam,</span> <span class='ocrx_word' id='word_1_72' title='bbox 1165 1225 1262 1290; x_wconf 87' lang='lat' dir='ltr'>Anto-</span> 
     </span>
     <span class='ocr_line' id='line_1_11' title="bbox 227 1329 1263 1410; baseline -0.007 -12"><span class='ocrx_word' id='word_1_73' title='bbox 227 1334 300 1399; x_wconf 88' lang='lat' dir='ltr'>nius</span> <span class='ocrx_word' id='word_1_74' title='bbox 315 1354 387 1399; x_wconf 88' lang='lat' dir='ltr'>vero</span> <span class='ocrx_word' id='word_1_75' title='bbox 410 1340 440 1398; x_wconf 90' lang='grc'>11</span> <span class='ocrx_word' id='word_1_76' title='bbox 454 1332 631 1398; x_wconf 89' lang='lat' dir='ltr'>Demetrius</span> <span class='ocrx_word' id='word_1_77' title='bbox 655 1339 686 1397; x_wconf 91' lang='lat' dir='ltr'>et</span> <span class='ocrx_word' id='word_1_78' title='bbox 700 1331 880 1397; x_wconf 85' lang='lat' dir='ltr'>Coriolanus</span> <span class='ocrx_word' id='word_1_79' title='bbox 904 1337 935 1396; x_wconf 87' lang='lat' dir='ltr'>et</span> <span class='ocrx_word' id='word_1_80' title='bbox 949 1329 1129 1395; x_wconf 82' lang='lat' dir='ltr'>Alcibiades</span> <span class='ocrx_word' id='word_1_81' title='bbox 1152 1334 1263 1410; x_wconf 83' lang='lat' dir='ltr'>agmen</span> 
     </span>
    </p>

    <p class='ocr_par' dir='ltr' id='par_1_3' title="bbox 195 1420 1304 2645">
     <span class='ocr_line' id='line_1_12' title="bbox 228 1420 1304 1517; baseline -0.006 -17"><span class='ocrx_word' id='word_1_82' title='bbox 228 1441 331 1500; x_wconf 89' lang='lat' dir='ltr'>totum</span> <span class='ocrx_word' id='word_1_83' title='bbox 353 1434 518 1516; x_wconf 82' lang='lat' dir='ltr'>claudant3</span> <span class='ocrx_word' id='word_1_84' title='bbox 546 1434 597 1498; x_wconf 91' lang='lat' dir='ltr'>cui</span> <span class='ocrx_word' id='word_1_85' title='bbox 618 1433 788 1499; x_wconf 88' lang='lat' dir='ltr'>sententiae</span> <span class='ocrx_word' id='word_1_86' title='bbox 814 1433 943 1498; x_wconf 88' lang='lat' dir='ltr'>fortasse</span> <span class='ocrx_word' id='word_1_87' title='bbox 972 1431 1093 1517; x_wconf 91' lang='lat' dir='ltr'>aliquid</span> <span class='ocrx_word' id='word_1_88' title='bbox 1120 1430 1263 1517; x_wconf 88' lang='lat' dir='ltr'>probabi·</span> <span class='ocrx_word' id='word_1_89' title='bbox 1302 1420 1304 1424; x_wconf 35' lang='lat'>⁸</span> 
     </span>
     <span class='ocr_line' id='line_1_13' title="bbox 231 1535 1263 1621; baseline -0.005 -18"><span class='ocrx_word' id='word_1_90' title='bbox 231 1539 329 1604; x_wconf 88' lang='lat' dir='ltr'>litatis</span> <span class='ocrx_word' id='word_1_91' title='bbox 349 1538 493 1619; x_wconf 90' lang='lat' dir='ltr'>adicitur,</span> <span class='ocrx_word' id='word_1_92' title='bbox 517 1558 589 1603; x_wconf 90' lang='lat' dir='ltr'>cum</span> <span class='ocrx_word' id='word_1_93' title='bbox 603 1537 637 1602; x_wconf 93' lang='lat' dir='ltr'>in</span> <span class='ocrx_word' id='word_1_94' title='bbox 652 1537 717 1602; x_wconf 82' lang='lat' dir='ltr'>Cor.</span> <span class='ocrx_word' id='word_1_95' title='bbox 734 1536 800 1602; x_wconf 82' lang='lat' dir='ltr'>vita</span> <span class='ocrx_word' id='word_1_96' title='bbox 814 1536 897 1604; x_wconf 90' lang='lat' dir='ltr'>Plut.</span> <span class='ocrx_word' id='word_1_97' title='bbox 919 1537 985 1601; x_wconf 92' lang='lat' dir='ltr'>iam</span> <span class='ocrx_word' id='word_1_98' title='bbox 999 1538 1091 1601; x_wconf 87' lang='lat' dir='ltr'>rebus</span> <span class='ocrx_word' id='word_1_99' title='bbox 1114 1536 1190 1621; x_wconf 90' lang='lat' dir='ltr'>ipsis</span> <span class='ocrx_word' id='word_1_100' title='bbox 1212 1535 1263 1598; x_wconf 80' lang='lat' dir='ltr'>de</span> 
     </span>
     <span class='ocr_line' id='line_1_14' title="bbox 229 1638 1264 1725; baseline -0.004 -20"><span class='ocrx_word' id='word_1_101' title='bbox 229 1641 359 1707; x_wconf 86' lang='lat' dir='ltr'>stitutus</span> <span class='ocrx_word' id='word_1_102' title='bbox 381 1641 430 1721; x_wconf 91' lang='lat' dir='ltr'>sit,</span> <span class='ocrx_word' id='word_1_103' title='bbox 454 1639 660 1724; x_wconf 89' lang='lat' dir='ltr'>quintamque</span> <span class='ocrx_word' id='word_1_104' title='bbox 681 1641 743 1704; x_wconf 89' lang='lat' dir='ltr'>fere</span> <span class='ocrx_word' id='word_1_105' title='bbox 764 1646 885 1725; x_wconf 89' lang='lat' dir='ltr'>partem</span> <span class='ocrx_word' id='word_1_106' title='bbox 907 1638 1009 1718; x_wconf 86' lang='lat' dir='ltr'>rebue,</span> <span class='ocrx_word' id='word_1_107' title='bbox 1038 1659 1117 1722; x_wconf 89' lang='lat' dir='ltr'>quae</span> <span class='ocrx_word' id='word_1_108' title='bbox 1139 1658 1202 1702; x_wconf 90' lang='lat' dir='ltr'>non</span> <span class='ocrx_word' id='word_1_109' title='bbox 1216 1638 1264 1702; x_wconf 74' lang='lat' dir='ltr'>&#39;ad</span> 
     </span>
     <span class='ocr_line' id='line_1_15' title="bbox 227 1741 1262 1830; baseline -0.003 -20"><span class='ocrx_word' id='word_1_110' title='bbox 227 1744 427 1811; x_wconf 81' lang='lat' dir='ltr'>Coriolanum</span> <span class='ocrx_word' id='word_1_111' title='bbox 453 1744 617 1830; x_wconf 86' lang='lat' dir='ltr'>pertinent,</span> <span class='ocrx_word' id='word_1_112' title='bbox 648 1743 861 1828; x_wconf 84' lang='lat' dir='ltr'>compleverit3</span> <span class='ocrx_word' id='word_1_113' title='bbox 892 1763 1025 1827; x_wconf 91' lang='lat' dir='ltr'>cumque</span> <span class='ocrx_word' id='word_1_114' title='bbox 1051 1741 1085 1806; x_wconf 91' lang='lat' dir='ltr'>in</span> <span class='ocrx_word' id='word_1_115' title='bbox 1107 1741 1211 1806; x_wconf 87' lang='lat' dir='ltr'>Numa</span> <span class='ocrx_word' id='word_1_116' title='bbox 1233 1742 1262 1807; x_wconf 90' lang='lat'>8.</span> 
     </span>
     <span class='ocr_line' id='line_1_16' title="bbox 232 1841 1264 1928; baseline -0.002 -20"><span class='ocrx_word' id='word_1_117' title='bbox 232 1847 270 1908; x_wconf 88' lang='lat' dir='ltr'>de</span> <span class='ocrx_word' id='word_1_118' title='bbox 284 1846 385 1910; x_wconf 87' lang='lat' dir='ltr'>Alcib.</span> <span class='ocrx_word' id='word_1_119' title='bbox 403 1843 557 1928; x_wconf 87' lang='lat' dir='ltr'>quaedam</span> <span class='ocrx_word' id='word_1_120' title='bbox 572 1844 777 1928; x_wconf 85' lang='lat' dir='ltr'>proferantur,</span> <span class='ocrx_word' id='word_1_121' title='bbox 801 1843 930 1926; x_wconf 91' lang='lat' dir='ltr'>quaein</span> <span class='ocrx_word' id='word_1_122' title='bbox 944 1844 1011 1908; x_wconf 81' lang='lat' dir='ltr'>vita</span> <span class='ocrx_word' id='word_1_123' title='bbox 1025 1842 1127 1908; x_wconf 89' lang='lat' dir='ltr'>Alcib.</span> <span class='ocrx_word' id='word_1_124' title='bbox 1144 1862 1207 1906; x_wconf 93' lang='lat' dir='ltr'>non</span> <span class='ocrx_word' id='word_1_125' title='bbox 1222 1841 1264 1906; x_wconf 62' lang='grc'>114</span> 
     </span>
     <span class='ocr_line' id='line_1_17' title="bbox 230 1941 1264 2029; baseline 0 -22"><span class='ocrx_word' id='word_1_126' title='bbox 230 1949 344 2026; x_wconf 83' lang='lat' dir='ltr'>gantur</span> <span class='ocrx_word' id='word_1_127' title='bbox 357 1978 401 1990; x_wconf 92' lang='lat'>—-</span> <span class='ocrx_word' id='word_1_128' title='bbox 416 1947 552 2009; x_wconf 86' lang='lat' dir='ltr'>statuam</span> <span class='ocrx_word' id='word_1_129' title='bbox 567 1943 634 2007; x_wconf 86' lang='lat' dir='ltr'>cius</span> <span class='ocrx_word' id='word_1_130' title='bbox 650 1949 681 2008; x_wconf 88' lang='grc'>11</span> <span class='ocrx_word' id='word_1_131' title='bbox 694 1941 887 2026; x_wconf 84' lang='lat' dir='ltr'>Pythagorae</span> <span class='ocrx_word' id='word_1_132' title='bbox 909 1944 1067 2029; x_wconf 90' lang='lat' dir='ltr'>quondam</span> <span class='ocrx_word' id='word_1_133' title='bbox 1082 1965 1101 2008; x_wconf 91' lang='lat' dir='ltr'>a</span> <span class='ocrx_word' id='word_1_134' title='bbox 1114 1943 1264 2007; x_wconf 87' lang='lat' dir='ltr'>Romanis</span> 
     </span>
     <span class='ocr_line' id='line_1_18' title="bbox 230 2045 1264 2131; baseline -0.001 -20"><span class='ocrx_word' id='word_1_135' title='bbox 230 2046 347 2111; x_wconf 88' lang='lat' dir='ltr'>oraculi</span> <span class='ocrx_word' id='word_1_136' title='bbox 368 2046 457 2111; x_wconf 89' lang='lat' dir='ltr'>iussu</span> <span class='ocrx_word' id='word_1_137' title='bbox 479 2045 636 2111; x_wconf 88' lang='lat' dir='ltr'>dedicatas</span> <span class='ocrx_word' id='word_1_138' title='bbox 659 2066 725 2110; x_wconf 88' lang='lat' dir='ltr'>esse</span> <span class='ocrx_word' id='word_1_139' title='bbox 747 2081 788 2092; x_wconf 89' lang='lat'><em>-</em></span> <span class='ocrx_word' id='word_1_140' title='bbox 811 2065 944 2131; x_wconf 88' lang='lat' dir='ltr'>cumque</span> <span class='ocrx_word' id='word_1_141' title='bbox 966 2047 1000 2110; x_wconf 90' lang='grc'>11</span> <span class='ocrx_word' id='word_1_142' title='bbox 1021 2048 1092 2130; x_wconf 85' lang='lat' dir='ltr'>Lyc.</span> <span class='ocrx_word' id='word_1_143' title='bbox 1119 2046 1158 2111; x_wconf 88' lang='grc'>16</span> <span class='ocrx_word' id='word_1_144' title='bbox 1180 2046 1264 2110; x_wconf 90' lang='lat' dir='ltr'>idem</span> 
     </span>
     <span class='ocr_line' id='line_1_19' title="bbox 228 2147 1263 2233; baseline 0 -20"><span class='ocrx_word' id='word_1_145' title='bbox 228 2150 266 2213; x_wconf 92' lang='lat' dir='ltr'>de</span> <span class='ocrx_word' id='word_1_146' title='bbox 294 2149 415 2214; x_wconf 90' lang='lat' dir='ltr'>nutrice</span> <span class='ocrx_word' id='word_1_147' title='bbox 448 2155 479 2212; x_wconf 89' lang='lat' dir='ltr'>et</span> <span class='ocrx_word' id='word_1_148' title='bbox 510 2147 685 2233; x_wconf 86' lang='lat' dir='ltr'>paedagogo</span> <span class='ocrx_word' id='word_1_149' title='bbox 713 2147 814 2213; x_wconf 84' lang='lat' dir='ltr'>Alcib.</span> <span class='ocrx_word' id='word_1_150' title='bbox 843 2147 985 2213; x_wconf 89' lang='lat' dir='ltr'>tradatur</span> <span class='ocrx_word' id='word_1_151' title='bbox 1018 2148 1101 2232; x_wconf 92' lang='lat' dir='ltr'>quod</span> <span class='ocrx_word' id='word_1_152' title='bbox 1135 2148 1169 2211; x_wconf 93' lang='lat' dir='ltr'>in</span> <span class='ocrx_word' id='word_1_153' title='bbox 1197 2148 1263 2213; x_wconf 86' lang='lat' dir='ltr'>vita</span> 
     </span>
     <span class='ocr_line' id='line_1_20' title="bbox 227 2249 1264 2336; baseline 0 -21"><span class='ocrx_word' id='word_1_154' title='bbox 227 2249 295 2315; x_wconf 88' lang='lat' dir='ltr'>Alc.</span> <span class='ocrx_word' id='word_1_155' title='bbox 321 2251 349 2314; x_wconf 90' lang='lat'>1.</span> <span class='ocrx_word' id='word_1_156' title='bbox 372 2249 506 2333; x_wconf 88' lang='lat' dir='ltr'>legimus</span> <span class='ocrx_word' id='word_1_157' title='bbox 529 2286 571 2297; x_wconf 94' lang='lat'><em>-</em></span> <span class='ocrx_word' id='word_1_158' title='bbox 592 2270 667 2315; x_wconf 90' lang='lat' dir='ltr'>nam</span> <span class='ocrx_word' id='word_1_159' title='bbox 694 2270 923 2336; x_wconf 86' lang='lat' dir='ltr'>supervacanea</span> <span class='ocrx_word' id='word_1_160' title='bbox 948 2251 1024 2315; x_wconf 89' lang='lat' dir='ltr'>haec</span> <span class='ocrx_word' id='word_1_161' title='bbox 1046 2272 1121 2315; x_wconf 88' lang='lat' dir='ltr'>sane</span> <span class='ocrx_word' id='word_1_162' title='bbox 1142 2250 1176 2314; x_wconf 92' lang='lat' dir='ltr'>in</span> <span class='ocrx_word' id='word_1_163' title='bbox 1199 2250 1264 2315; x_wconf 89' lang='lat' dir='ltr'>vita</span> 
     </span>
     <span class='ocr_line' id='line_1_21' title="bbox 227 2354 1261 2440; baseline 0.001 -23"><span class='ocrx_word' id='word_1_164' title='bbox 227 2354 358 2438; x_wconf 87' lang='lat' dir='ltr'>Lycurgi</span> <span class='ocrx_word' id='word_1_165' title='bbox 381 2354 408 2418; x_wconf 90' lang='grc'>11</span> <span class='ocrx_word' id='word_1_166' title='bbox 430 2354 535 2439; x_wconf 89' lang='lat' dir='ltr'>paullo</span> <span class='ocrx_word' id='word_1_167' title='bbox 558 2360 631 2419; x_wconf 90' lang='lat' dir='ltr'>ante</span> <span class='ocrx_word' id='word_1_168' title='bbox 652 2354 831 2420; x_wconf 84' lang='lat' dir='ltr'>Alcibiades</span> <span class='ocrx_word' id='word_1_169' title='bbox 854 2356 1043 2440; x_wconf 87' lang='lat' dir='ltr'>compositus</span> <span class='ocrx_word' id='word_1_170' title='bbox 1064 2355 1125 2420; x_wconf 89' lang='lat' dir='ltr'>fuit</span> <span class='ocrx_word' id='word_1_171' title='bbox 1149 2368 1188 2401; x_wconf 68' lang='lat'>‘—</span> <span class='ocrx_word' id='word_1_172' title='bbox 1211 2354 1261 2418; x_wconf 92' lang='lat' dir='ltr'>de-</span> 
     </span>
     <span class='ocr_line' id='line_1_22' title="bbox 227 2454 1263 2542; baseline 0.003 -26"><span class='ocrx_word' id='word_1_173' title='bbox 227 2455 323 2536; x_wconf 85' lang='lat' dir='ltr'>nique</span> <span class='ocrx_word' id='word_1_174' title='bbox 352 2474 423 2518; x_wconf 90' lang='lat' dir='ltr'>cum</span> <span class='ocrx_word' id='word_1_175' title='bbox 451 2454 625 2518; x_wconf 87' lang='lat' dir='ltr'>accuratius</span> <span class='ocrx_word' id='word_1_176' title='bbox 653 2454 687 2517; x_wconf 92' lang='lat' dir='ltr'>in</span> <span class='ocrx_word' id='word_1_177' title='bbox 715 2455 782 2520; x_wconf 86' lang='lat' dir='ltr'>vita</span> <span class='ocrx_word' id='word_1_178' title='bbox 809 2455 937 2521; x_wconf 89' lang='lat' dir='ltr'>Romuli</span> <span class='ocrx_word' id='word_1_179' title='bbox 966 2455 1045 2542; x_wconf 72' lang='grc'><strong>[21],</strong></span> <span class='ocrx_word' id='word_1_180' title='bbox 1076 2456 1201 2520; x_wconf 89' lang='lat' dir='ltr'>brevius</span> <span class='ocrx_word' id='word_1_181' title='bbox 1229 2456 1263 2519; x_wconf 91' lang='lat' dir='ltr'>in</span> 
     </span>
     <span class='ocr_line' id='line_1_23' title="bbox 195 2556 1262 2645; baseline 0.004 -24"><span class='ocrx_word' id='word_1_182' title='bbox 195 2637 202 2645; x_wconf 72' lang='lat'><em>,</em></span> <span class='ocrx_word' id='word_1_183' title='bbox 227 2557 294 2623; x_wconf 88' lang='lat' dir='ltr'>vita</span> <span class='ocrx_word' id='word_1_184' title='bbox 315 2557 447 2623; x_wconf 84' lang='lat' dir='ltr'>Antonii</span> <span class='ocrx_word' id='word_1_185' title='bbox 471 2556 539 2643; x_wconf 80' lang='lat'>[12]</span> <span class='ocrx_word' id='word_1_186' title='bbox 563 2557 601 2621; x_wconf 91' lang='lat' dir='ltr'>de</span> <span class='ocrx_word' id='word_1_187' title='bbox 622 2558 845 2643; x_wconf 83' lang='lat' dir='ltr'>Lupercalibus</span> <span class='ocrx_word' id='word_1_188' title='bbox 873 2560 1058 2644; x_wconf 86' lang='lat' dir='ltr'>disputetur.</span> <span class='ocrx_word' id='word_1_189' title='bbox 1104 2560 1165 2624; x_wconf 86' lang='lat' dir='ltr'>Sed</span> <span class='ocrx_word' id='word_1_190' title='bbox 1188 2581 1262 2644; x_wconf 90' lang='lat' dir='ltr'>quo·</span> 
     </span>
    </p>
   </div>
   <div class='ocr_carea' id='block_1_3' title="bbox 227 2662 1370 2748">
    <p class='ocr_par' dir='ltr' id='par_1_4' title="bbox 227 2662 1370 2748">
     <span class='ocr_line' id='line_1_24' title="bbox 227 2662 1370 2748; baseline -0.002 -21"><span class='ocrx_word' id='word_1_191' title='bbox 227 2664 444 2748; x_wconf 90' lang='lat' dir='ltr'>modocunque</span> <span class='ocrx_word' id='word_1_192' title='bbox 471 2684 519 2728; x_wconf 87' lang='lat' dir='ltr'>res</span> <span class='ocrx_word' id='word_1_193' title='bbox 549 2683 581 2726; x_wconf 91' lang='lat' dir='ltr'>se</span> <span class='ocrx_word' id='word_1_194' title='bbox 608 2662 711 2744; x_wconf 89' lang='lat' dir='ltr'>habet,</span> <span class='ocrx_word' id='word_1_195' title='bbox 747 2670 827 2729; x_wconf 85' lang='lat' dir='ltr'>certe</span> <span class='ocrx_word' id='word_1_196' title='bbox 859 2664 893 2727; x_wconf 89' lang='grc'>11</span> <span class='ocrx_word' id='word_1_197' title='bbox 920 2663 1065 2728; x_wconf 81' lang='lat' dir='ltr'>extremis</span> <span class='ocrx_word' id='word_1_198' title='bbox 1093 2665 1151 2729; x_wconf 90' lang='lat' dir='ltr'>hae</span> <span class='ocrx_word' id='word_1_199' title='bbox 1179 2665 1263 2730; x_wconf 85' lang='lat' dir='ltr'>vitae</span> <span class='ocrx_word' id='word_1_200' title='bbox 1367 2721 1370 2725; x_wconf 78' lang='grc'><em>,</em></span> 
     </span>
    </p>
   </div>
   <div class='ocr_carea' id='block_1_4' title="bbox 210 2769 1269 4092">
    <p class='ocr_par' dir='ltr' id='par_1_5' title="bbox 228 2769 514 2834">
     <span class='ocr_line' id='line_1_25' title="bbox 228 2769 514 2834; baseline 0.003 -3"><span class='ocrx_word' id='word_1_201' title='bbox 228 2769 411 2834; x_wconf 87' lang='lat' dir='ltr'>statuendae</span> <span class='ocrx_word' id='word_1_202' title='bbox 433 2775 514 2834; x_wconf 90' lang='lat' dir='ltr'>sunt.</span> 
     </span>
    </p>

    <p class='ocr_par' dir='ltr' id='par_1_6' title="bbox 210 2871 1269 4092">
     <span class='ocr_line' id='line_1_26' title="bbox 310 2871 1260 2959; baseline -0.002 -21"><span class='ocrx_word' id='word_1_203' title='bbox 310 2873 444 2958; x_wconf 86' lang='lat' dir='ltr'>Jamque</span> <span class='ocrx_word' id='word_1_204' title='bbox 471 2874 511 2938; x_wconf 90' lang='lat' dir='ltr'>ad</span> <span class='ocrx_word' id='word_1_205' title='bbox 543 2873 637 2937; x_wconf 84' lang='lat' dir='ltr'>tinem</span> <span class='ocrx_word' id='word_1_206' title='bbox 670 2873 766 2937; x_wconf 91' lang='lat' dir='ltr'>totius</span> <span class='ocrx_word' id='word_1_207' title='bbox 800 2871 1020 2959; x_wconf 83' lang='lat' dir='ltr'>disputationis</span> <span class='ocrx_word' id='word_1_208' title='bbox 1052 2874 1260 2958; x_wconf 90' lang='lat' dir='ltr'>pervenimus,</span> 
     </span>
     <span class='ocr_line' id='line_1_27' title="bbox 210 2958 1261 3058; baseline 0.011 -29"><span class='ocrx_word' id='word_1_209' title='bbox 210 2973 427 3055; x_wconf 28' lang='lat' dir='ltr'>,ordinemque</span> <span class='ocrx_word' id='word_1_210' title='bbox 443 2958 599 3056; x_wconf 78' lang='lat' dir='ltr'>quendam</span> <span class='ocrx_word' id='word_1_211' title='bbox 622 2975 823 3055; x_wconf 85' lang='lat' dir='ltr'>excussimus,</span> <span class='ocrx_word' id='word_1_212' title='bbox 847 2976 903 3058; x_wconf 91' lang='lat' dir='ltr'>qui</span> <span class='ocrx_word' id='word_1_213' title='bbox 925 2977 965 3040; x_wconf 88' lang='lat' dir='ltr'>ab</span> <span class='ocrx_word' id='word_1_214' title='bbox 989 2996 1033 3054; x_wconf 85' lang='lat' dir='ltr'>eo,</span> <span class='ocrx_word' id='word_1_215' title='bbox 1057 2995 1118 3058; x_wconf 91' lang='lat' dir='ltr'>quo</span> <span class='ocrx_word' id='word_1_216' title='bbox 1141 2975 1261 3040; x_wconf 88' lang='lat' dir='ltr'>codices</span> 
     </span>
     <span class='ocr_line' id='line_1_28' title="bbox 227 3075 1268 3164; baseline 0.006 -26"><span class='ocrx_word' id='word_1_217' title='bbox 227 3082 258 3140; x_wconf 91' lang='lat' dir='ltr'>ct</span> <span class='ocrx_word' id='word_1_218' title='bbox 279 3075 429 3140; x_wconf 87' lang='lat' dir='ltr'>editiones</span> <span class='ocrx_word' id='word_1_219' title='bbox 452 3084 482 3141; x_wconf 89' lang='lat' dir='ltr'>et</span> <span class='ocrx_word' id='word_1_220' title='bbox 504 3079 660 3160; x_wconf 85' lang='lat' dir='ltr'>catalogus</span> <span class='ocrx_word' id='word_1_221' title='bbox 682 3078 744 3159; x_wconf 89' lang='lat' dir='ltr'>ille,</span> <span class='ocrx_word' id='word_1_222' title='bbox 769 3079 824 3164; x_wconf 93' lang='lat' dir='ltr'>qui</span> <span class='ocrx_word' id='word_1_223' title='bbox 846 3079 1011 3163; x_wconf 87' lang='lat' dir='ltr'>Lampriae</span> <span class='ocrx_word' id='word_1_224' title='bbox 1033 3078 1113 3143; x_wconf 88' lang='lat' dir='ltr'>falso</span> <span class='ocrx_word' id='word_1_225' title='bbox 1136 3081 1268 3144; x_wconf 64' lang='lat' dir='ltr'>nominc,</span> 
     </span>
     <span class='ocr_line' id='line_1_29' title="bbox 226 3172 1261 3268; baseline 0.005 -25"><span class='ocrx_word' id='word_1_226' title='bbox 226 3185 360 3259; x_wconf 89' lang='lat' dir='ltr'>notatur,</span> <span class='ocrx_word' id='word_1_227' title='bbox 384 3185 524 3261; x_wconf 90' lang='lat' dir='ltr'>utuntur,</span> <span class='ocrx_word' id='word_1_228' title='bbox 547 3172 642 3265; x_wconf 50' lang='lat' dir='ltr'>plane¹</span> <span class='ocrx_word' id='word_1_229' title='bbox 661 3183 812 3263; x_wconf 85' lang='lat' dir='ltr'>diversus,</span> <span class='ocrx_word' id='word_1_230' title='bbox 836 3204 892 3246; x_wconf 92' lang='lat' dir='ltr'>nec</span> <span class='ocrx_word' id='word_1_231' title='bbox 912 3182 1012 3264; x_wconf 89' lang='lat' dir='ltr'>magis</span> <span class='ocrx_word' id='word_1_232' title='bbox 1036 3182 1072 3262; x_wconf 89' lang='lat' dir='ltr'>ei,</span> <span class='ocrx_word' id='word_1_233' title='bbox 1097 3185 1261 3268; x_wconf 71' lang='grc'><strong>11111111-</strong></span> 
     </span>
     <span class='ocr_line' id='line_1_30' title="bbox 227 3280 1269 3349; baseline 0.005 -6"><span class='ocrx_word' id='word_1_234' title='bbox 227 3281 317 3344; x_wconf 90' lang='lat' dir='ltr'>onius</span> <span class='ocrx_word' id='word_1_235' title='bbox 339 3280 401 3345; x_wconf 93' lang='lat' dir='ltr'>sibi</span> <span class='ocrx_word' id='word_1_236' title='bbox 422 3281 578 3348; x_wconf 87' lang='lat' dir='ltr'>invenisse</span> <span class='ocrx_word' id='word_1_237' title='bbox 592 3282 893 3349; x_wconf 84' lang='lat' dir='ltr'>videbatursimilis</span> <span class='ocrx_word' id='word_1_238' title='bbox 909 3289 963 3347; x_wconf 87' lang='lat' dir='ltr'>est.</span> <span class='ocrx_word' id='word_1_239' title='bbox 1002 3283 1068 3346; x_wconf 90' lang='lat' dir='ltr'>Hoc</span> <span class='ocrx_word' id='word_1_240' title='bbox 1082 3304 1154 3348; x_wconf 79' lang='lat' dir='ltr'>vero</span> <span class='ocrx_word' id='word_1_241' title='bbox 1170 3280 1269 3349; x_wconf 85' lang='lat' dir='ltr'>nemo¹</span> 
     </span>
     <span class='ocr_line' id='line_1_31' title="bbox 225 3382 1259 3470; baseline 0.005 -25"><span class='ocrx_word' id='word_1_242' title='bbox 225 3382 408 3463; x_wconf 79' lang='lat' dir='ltr'>mirabitur3</span> <span class='ocrx_word' id='word_1_243' title='bbox 430 3404 505 3448; x_wconf 89' lang='lat' dir='ltr'>nam</span> <span class='ocrx_word' id='word_1_244' title='bbox 519 3384 546 3449; x_wconf 91' lang='lat' dir='ltr'>is</span> <span class='ocrx_word' id='word_1_245' title='bbox 562 3385 645 3465; x_wconf 93' lang='lat' dir='ltr'>ordo,</span> <span class='ocrx_word' id='word_1_246' title='bbox 671 3385 704 3449; x_wconf 92' lang='lat' dir='ltr'>in</span> <span class='ocrx_word' id='word_1_247' title='bbox 719 3407 813 3470; x_wconf 92' lang='lat' dir='ltr'>quem</span> <span class='ocrx_word' id='word_1_248' title='bbox 829 3385 958 3450; x_wconf 89' lang='lat' dir='ltr'>editores</span> <span class='ocrx_word' id='word_1_249' title='bbox 980 3385 1163 3468; x_wconf 86' lang='lat' dir='ltr'>redegerunt</span> <span class='ocrx_word' id='word_1_250' title='bbox 1178 3386 1259 3450; x_wconf 92' lang='lat' dir='ltr'>Plut.</span> 
     </span>
     <span class='ocr_line' id='line_1_32' title="bbox 226 3485 1260 3574; baseline 0.004 -23"><span class='ocrx_word' id='word_1_251' title='bbox 226 3485 308 3551; x_wconf 87' lang='lat' dir='ltr'>vitas</span> <span class='ocrx_word' id='word_1_252' title='bbox 331 3486 487 3552; x_wconf 90' lang='lat' dir='ltr'>veteribus</span> <span class='ocrx_word' id='word_1_253' title='bbox 509 3488 696 3553; x_wconf 88' lang='lat' dir='ltr'>testimoniis</span> <span class='ocrx_word' id='word_1_254' title='bbox 723 3510 787 3554; x_wconf 92' lang='lat' dir='ltr'>non</span> <span class='ocrx_word' id='word_1_255' title='bbox 814 3490 934 3569; x_wconf 87' lang='lat' dir='ltr'>nititur,</span> <span class='ocrx_word' id='word_1_256' title='bbox 966 3497 1058 3574; x_wconf 89' lang='lat' dir='ltr'>atque</span> <span class='ocrx_word' id='word_1_257' title='bbox 1085 3491 1188 3556; x_wconf 90' lang='lat' dir='ltr'>Lionii</span> <span class='ocrx_word' id='word_1_258' title='bbox 1216 3513 1260 3555; x_wconf 90' lang='lat' dir='ltr'>er-</span> 
     </span>
     <span class='ocr_line' id='line_1_33' title="bbox 225 3590 1260 3678; baseline 0.005 -23"><span class='ocrx_word' id='word_1_259' title='bbox 225 3613 308 3656; x_wconf 87' lang='lat' dir='ltr'>rores</span> <span class='ocrx_word' id='word_1_260' title='bbox 331 3590 489 3656; x_wconf 88' lang='lat' dir='ltr'>innumeri</span> <span class='ocrx_word' id='word_1_261' title='bbox 511 3601 594 3673; x_wconf 84' lang='lat' dir='ltr'>sunt,</span> <span class='ocrx_word' id='word_1_262' title='bbox 618 3614 674 3657; x_wconf 87' lang='lat' dir='ltr'>neo</span> <span class='ocrx_word' id='word_1_263' title='bbox 696 3615 766 3659; x_wconf 85' lang='lat' dir='ltr'>vero</span> <span class='ocrx_word' id='word_1_264' title='bbox 790 3595 931 3660; x_wconf 88' lang='lat' dir='ltr'>codicum</span> <span class='ocrx_word' id='word_1_265' title='bbox 961 3601 991 3658; x_wconf 92' lang='lat' dir='ltr'>et</span> <span class='ocrx_word' id='word_1_266' title='bbox 1021 3596 1152 3678; x_wconf 90' lang='lat' dir='ltr'>catologi</span> <span class='ocrx_word' id='word_1_267' title='bbox 1174 3596 1260 3660; x_wconf 91' lang='lat' dir='ltr'>illius</span> 
     </span>
     <span class='ocr_line' id='line_1_34' title="bbox 226 3696 1259 3783; baseline 0.007 -25"><span class='ocrx_word' id='word_1_268' title='bbox 226 3696 298 3761; x_wconf 93' lang='lat' dir='ltr'>ordo</span> <span class='ocrx_word' id='word_1_269' title='bbox 321 3697 489 3780; x_wconf 91' lang='lat' dir='ltr'>quicquam</span> <span class='ocrx_word' id='word_1_270' title='bbox 512 3697 706 3762; x_wconf 90' lang='lat' dir='ltr'>auctoritatis</span> <span class='ocrx_word' id='word_1_271' title='bbox 730 3699 838 3781; x_wconf 83' lang='lat' dir='ltr'>habet3</span> <span class='ocrx_word' id='word_1_272' title='bbox 861 3699 967 3782; x_wconf 89' lang='lat' dir='ltr'>Neque</span> <span class='ocrx_word' id='word_1_273' title='bbox 990 3699 1073 3763; x_wconf 91' lang='grc'><strong>11111</strong></span> <span class='ocrx_word' id='word_1_274' title='bbox 1087 3700 1196 3783; x_wconf 89' lang='lat' dir='ltr'>potuit,</span> <span class='ocrx_word' id='word_1_275' title='bbox 1220 3722 1259 3765; x_wconf 91' lang='lat' dir='ltr'>ne</span> 
     </span>
     <span class='ocr_line' id='line_1_35' title="bbox 225 3794 1259 3886; baseline 0.01 -29"><span class='ocrx_word' id='word_1_276' title='bbox 225 3794 264 3858; x_wconf 89' lang='lat' dir='ltr'>iis</span> <span class='ocrx_word' id='word_1_277' title='bbox 288 3798 413 3880; x_wconf 91' lang='lat' dir='ltr'>quidem</span> <span class='ocrx_word' id='word_1_278' title='bbox 442 3800 642 3886; x_wconf 89' lang='lat' dir='ltr'>temporibus,</span> <span class='ocrx_word' id='word_1_279' title='bbox 672 3822 752 3884; x_wconf 88' lang='lat' dir='ltr'>quae</span> <span class='ocrx_word' id='word_1_280' title='bbox 780 3801 861 3866; x_wconf 89' lang='lat' dir='ltr'>Plut.</span> <span class='ocrx_word' id='word_1_281' title='bbox 894 3808 1025 3867; x_wconf 88' lang='lat' dir='ltr'>aetatem</span> <span class='ocrx_word' id='word_1_282' title='bbox 1051 3821 1125 3864; x_wconf 85' lang='lat' dir='ltr'>mox</span> <span class='ocrx_word' id='word_1_283' title='bbox 1154 3808 1259 3866; x_wconf 88' lang='lat' dir='ltr'>secuta</span> 
     </span>
     <span class='ocr_line' id='line_1_36' title="bbox 225 3893 1258 3984; baseline 0.004 -23"><span class='ocrx_word' id='word_1_284' title='bbox 225 3905 298 3961; x_wconf 89' lang='lat' dir='ltr'>sunt</span> <span class='ocrx_word' id='word_1_285' title='bbox 325 3920 416 3964; x_wconf 91' lang='lat' dir='ltr'>verus</span> <span class='ocrx_word' id='word_1_286' title='bbox 443 3903 517 3967; x_wconf 91' lang='lat' dir='ltr'>ordo</span> <span class='ocrx_word' id='word_1_287' title='bbox 545 3908 638 3967; x_wconf 90' lang='lat' dir='ltr'>notus</span> <span class='ocrx_word' id='word_1_288' title='bbox 667 3902 770 3982; x_wconf 79' lang='lat' dir='ltr'>foisse,</span> <span class='ocrx_word' id='word_1_289' title='bbox 802 3923 874 3964; x_wconf 91' lang='lat' dir='ltr'>cum</span> <span class='ocrx_word' id='word_1_290' title='bbox 902 3901 1017 3984; x_wconf 88' lang='lat' dir='ltr'>singuli</span> <span class='ocrx_word' id='word_1_291' title='bbox 1044 3900 1125 3980; x_wconf 86' lang='lat' dir='ltr'>libri,</span> <span class='ocrx_word' id='word_1_292' title='bbox 1149 3909 1185 3965; x_wconf 91' lang='lat' dir='ltr'>ut</span> <span class='ocrx_word' id='word_1_293' title='bbox 1205 3893 1258 3965; x_wconf 82' lang='lat' dir='ltr'>do·</span> 
     </span>
     <span class='ocr_line' id='line_1_37' title="bbox 224 4004 1257 4092; baseline 0.007 -27"><span class='ocrx_word' id='word_1_294' title='bbox 224 4004 465 4071; x_wconf 86' lang='lat' dir='ltr'>monstravimus</span> <span class='ocrx_word' id='word_1_295' title='bbox 494 4006 661 4092; x_wconf 90' lang='lat' dir='ltr'>separatim</span> <span class='ocrx_word' id='word_1_296' title='bbox 690 4006 766 4073; x_wconf 83' lang='lat' dir='ltr'>editi</span> <span class='ocrx_word' id='word_1_297' title='bbox 796 4012 905 4072; x_wconf 85' lang='lat' dir='ltr'>essent.</span> <span class='ocrx_word' id='word_1_298' title='bbox 950 4005 1056 4089; x_wconf 88' lang='lat' dir='ltr'>Atque</span> <span class='ocrx_word' id='word_1_299' title='bbox 1082 4005 1110 4068; x_wconf 90' lang='grc'>11</span> <span class='ocrx_word' id='word_1_300' title='bbox 1133 4026 1257 4091; x_wconf 89' lang='lat' dir='ltr'>eapro-</span> 
     </span>
    </p>
   </div>
   <div class='ocr_carea' id='block_1_5' title="bbox 0 0 1438 4482">
    <p class='ocr_par' dir='ltr' id='par_1_7' title="bbox 0 0 1438 4482">
     <span class='ocr_line' id='line_1_38' title="bbox 0 0 1438 4482; baseline 0 1"><span class='ocrx_word' id='word_1_301' title='bbox 0 0 1438 4482; x_wconf 95' lang='lat' dir='ltr'> </span> 
     </span>
    </p>
   </div>
  </div>
 </body>
</html>
