2866 4482
600 223 792 288 ..2-

176 399 314 465 consulto
337 420 409 464 eum
431 399 568 464 Sintenis
594 403 625 463 et
646 398 872 464 Volkmannius
901 398 1108 482 neglexerunt,
1131 397 1209 462 bene

176 503 292 566 factum
314 508 369 567 est.
414 501 494 566 Nam
520 500 649 566 Lionins
678 522 749 566 cum
777 506 857 565 recte
885 501 1043 565 statuisset
1064 499 1148 584 (apte
1169 498 1208 582 I),

176 603 237 668 duo
259 624 325 668 esse
357 623 467 686 genera
495 609 756 685 argumentorum,
783 603 898 688 quibus
930 602 1104 688 procederet
1130 601 1209 664 cius·

175 704 260 770 modi
282 704 508 785 commentatio,
533 709 657 769 externa
679 710 709 768 et
729 703 859 785 interna,
884 709 914 768 et
935 725 1008 769 cum
1021 703 1107 769 haud
1129 703 1210 767 mul-

174 814 244 874 tum
265 811 393 889 abesset,
418 809 494 895 quin
517 809 705 892 intellegeret
724 807 776 892 (cf.
740 809 860 894 c.Cpt
876 806 1209 894 11112112)-

176 920 223 977 est
249 912 333 976 enim
361 912 395 975 in
423 911 652 996 propatulo
680 910 744 974 illis
772 910 977 975 externis-
1006 915 1080 976 sunt
1106 916 1210 974 autem

174 1015 251 1079 haec
273 1015 367 1079 verba
389 1014 556 1099 quaedam,
585 1012 700 1097 quibus
727 1011 825 1077 alia'
816 1036 850 1077 111
878 1013 940 1078 1111
965 1013 1030 1077 vita
1056 1034 1209 1079 nonnum·

175 1139 269 1202 quam
292 1117 445 1196 laudatur,
462 1153 504 1163 -
519 1115 553 1179 in
568 1114 725 1180 Plutarchi
747 1115 867 1200 scriptis
890 1137 952 1181 non
976 1136 1095 1201 semper
1117 1116 1210 1182 fidem

175 1241 240 1287 esse
255 1221 441 1302 habendam,
465 1227 570 1285 tamen
585 1220 707 1285 omissis
729 1225 759 1284 et
781 1221 963 1306 contemptis
985 1222 1046 1285 fere
1066 1221 1209 1287 omnibus

175 1325 346 1391 rationibus
368 1325 506 1405 internis,
530 1324 592 1388 illis
615 1325 688 1389 solis
710 1325 830 1390 innisus
853 1332 908 1390 est.
946 1326 1027 1391 Sunt
1047 1327 1142 1409 igitur
1164 1347 1210 1391 ar-

175 1436 331 1513 gumenta,
355 1429 469 1514 quibus
491 1428 597 1508 utitur,
621 1428 735 1513 partim
756 1436 859 1514 aperte
881 1429 966 1510 falsa,
995 1431 1109 1515 partim
1130 1431 1211 1496 leuia

175 1542 205 1599 et
226 1539 375 1620 suspecta,
389 1555 460 1607 ,nec
486 1540 586 1619 potest
613 1555 650 1599 cx
672 1534 787 1599 talibus
809 1532 1019 1599 fundamentis
1042 1535 1210 1620 quicquam

175 1636 240 1702 veri
269 1636 335 1700 suci
363 1641 394 1700 et
420 1635 581 1717 sanguinis
611 1636 801 1701 efflorescere.
852 1636 951 1713 Quare
980 1636 1056 1721 quid
1083 1636 1208 1716 mirum,

176 1741 225 1822 „si
246 1741 334 1805 iuvat
355 1741 490 1822 integros
512 1740 652 1804 accedere
678 1742 806 1820 fontes,''
836 1740 865 1804 si
890 1740 979 1806 iuvat
1008 1740 1109 1806 denno
1131 1740 1211 1804 hanc

175 1865 241 1910 rem
262 1865 359 1930 aeque
374 1844 529 1909 difficilem
551 1844 763 1930 lubricamque
783 1850 875 1930 atque
896 1844 1065 1910 iucundam
1080 1851 1111 1910 et
1132 1846 1210 1909 fruc·

176 1955 298 2015 tuosam
323 1950 519 2034 perlustrare;
547 1950 598 2014 cui
625 1949 689 2015 iam
710 1949 831 2014 muneri
859 1970 931 2014 cnm
953 1970 1003 2015 me
1026 1949 1211 2033 subiungere

177 2072 271 2116 ausus
301 2051 376 2130 sim,
405 2072 465 2135 quo
495 2056 599 2116 tamen
625 2058 747 2136 propter
774 2051 1023 2134 magnitudinem
1050 2073 1153 2116 rernm
1182 2057 1212 2116 et

177 2152 413 2235 ambiguitatem
441 2157 693 2234 argumentorum
726 2153 811 2218 breui
843 2159 979 2239 tempore
1013 2174 1103 2218 nemo
1137 2153 1212 2217 satis

179 2262 320 2323 accurate
341 2255 429 2339 fungi
450 2256 557 2341 possit,
586 2256 644 2320 feci
665 2277 740 2321 sane
762 2257 965 2323 confidentius
988 2262 1017 2322 et
1039 2278 1123 2323 nunc
1144 2258 1211 2342 qui-

178 2361 250 2427 dem
271 2360 371 2444 magis
392 2360 553 2425 inchoasse
575 2382 670 2445 quam
691 2362 859 2427 absolvisse
881 2367 978 2428 totam
1001 2363 1212 2447 quaestionem

177 2466 257 2531 mihi
278 2466 392 2531 uideor.
430 2465 530 2530 Venia
551 2465 646 2548 igitur
659 2467 791 2551 petenda
812 2472 866 2547 est,
891 2466 974 2551 quod
996 2466 1054 2533 hoc
1075 2466 1140 2532 loco
1163 2487 1211 2533 co·

176 2568 292 2654 piosius
321 2569 359 2633 de
386 2567 426 2632 iis
453 2567 527 2632 vitis
556 2589 634 2652 qnae
661 2567 846 2633 interierunt
878 2568 1034 2653 disputare
1067 2568 1211 2634 omittam

178 2694 234 2738 nec
248 2672 426 2756 diligentius
441 2671 607 2756 inquiram,
631 2693 787 2757 numquae
802 2673 917 2756 scripta
930 2677 1087 2757 praeterea
1102 2671 1209 2736 eodem

178 2783 316 2861 tempore
331 2775 517 2841 Plutarchus
540 2796 600 2860 quo
620 2776 780 2861 parallelas
796 2774 932 2854 ediderit,
956 2775 990 2838 in
1006 2795 1112 2839 earum
1126 2795 1207 2854 vero,

178 2880 217 2944 de
238 2879 353 2965 quibus
375 2899 474 2961 agam,
498 2879 634 2944 vitarum
650 2879 763 2955 ordine
780 2877 880 2944 multa
894 2876 1010 2941 intacta
1024 2876 1207 2961 relinquam.

177 2981 334 3047 Disseram
356 2987 462 3048 autem
483 2981 610 3066 priore
637 2982 719 3046 loco
742 2981 780 3045 de
801 2984 1053 3062 argumentorum
1073 2979 1207 3060 illorum,

177 3084 290 3167 quibus
319 3083 448 3149 Lionius
475 3103 540 3147 rem
567 3082 730 3168 disceptari
758 3102 846 3168 posse
868 3080 1003 3167 putavit,
976 3081 1210 3146 tcondieione

177 3186 363 3267 etorigine,
392 3185 446 3249 alt
434 3191 513 3250 tero
536 3206 590 3269 pro
612 3183 696 3249 virili
718 3205 787 3249 mea
808 3188 896 3269 parte
917 3187 1052 3302 veterem
1073 3182 1210 3248 vitarum
1312 3266 1317 3277 ¹

113 3339 116 3345 -
177 3289 316 3355 ordinem
338 3288 484 3371 indagare
507 3289 648 3354 conabor.

261 3390 512 3473 Incidimust1git
515 3412 550 3455 ur
566 3389 600 3455 in
614 3389 772 3455 Plutarchi
786 3389 859 3455 uitis
875 3388 1053 3474 saepissime
1067 3389 1102 3454 in
1116 3390 1210 3455 verba

176 3492 336 3577 quaedam,
360 3492 474 3577 quibus
497 3491 593 3557 aha
585 3492 683 3578 ipsius
709 3492 822 3577 scripta
843 3491 1052 3572 nominantur,
1077 3511 1208 3576 qnorum

174 3615 245 3678 pars
272 3593 374 3658 minor
402 3593 443 3657 ad
470 3593 584 3678 scripta
611 3594 740 3659 moralia
768 3614 847 3678 quae
869 3593 1024 3675 dicuntur,
1047 3592 1147 3658 maior
1168 3592 1208 3657 ad

175 3695 251 3760 alias
266 3695 346 3760 vitas
361 3695 426 3759 sive
440 3694 600 3780 parallelas
615 3694 681 3759 sive
695 3694 865 3777 singulares
879 3695 1042 3780 pertinent.
1080 3695 1209 3760 Illorum

174 3797 311 3864 hocloco
327 3799 413 3863 nulla
434 3799 511 3864 ratio
535 3797 678 3862 habenda
700 3805 746 3864 cst
769 3799 920 3884 [1101111.
940 3800 995 3880 193
1017 3799 1083 3864 Per.
1100 3799 1129 3878 6,
1153 3799 1209 3879 39;

175 3899 233 3964 Dic
256 3902 290 3980 23
313 3899 383 3984 Lys.
410 3901 459 3979 12,
486 3901 541 3982 17;
563 3900 640 3966 Sull.
665 3901 720 3982 303
743 3900 828 3966 Brut.
844 3901 902 3983 25,
925 3900 1016 3966 Thes.
1040 3901 1096 3982 29;
1118 3898 1207 3965 Rom.

177 4002 250 4085 lhl,
279 4002 354 4066 haec
382 4024 452 4068 vero
481 4005 653 4071 accuratius
686 4005 892 4071 examinanda
919 4012 1000 4086 sunt,
1037 4026 1108 4070 cum
1137 4004 1209 4068 inde
