2866 4482
576 269 776 335 ..10-

163 442 209 506 tia
230 442 434 527 perstandum
457 447 503 506 est
526 448 581 506 aut
603 442 637 506 in
652 442 756 507 verbis
770 441 880 507 Dionis
903 442 944 507 58
967 444 1077 508 autin
1092 445 1194 511 verbis

163 544 274 609 Timol.
306 545 347 610 13
375 550 405 609 et
434 544 475 612 33
509 545 625 630 quibus
656 545 786 611 Dicet
822 545 983 611 Timoleon
1016 546 1193 628 laudantur.

90 656 95 669 ⁴
164 648 258 732 Spero
287 654 393 713 autem
421 647 567 712 omnibus
595 647 762 732 probatum
791 647 839 727 iri,
873 647 1098 714 Timoleontem
1125 656 1196 735 post

162 750 295 815 Dionem
328 750 448 815 editum
482 772 562 832 esse3
594 751 702 836 spuria
740 751 837 833 igitur
870 751 1090 817 existumanda
1122 753 1195 818 sunt

162 853 258 917 rerba
272 852 382 918 Dionis
405 853 477 939 (58)
501 852 578 940 περὶ
600 840 646 921 aio
667 850 702 920 ἐν
724 857 771 939 τῷ
796 854 1013 937 Τιμολέοντος
1038 854 1098 940 βίῳ
1117 849 1196 920 καθ’

163 948 281 1020 ἕκαστα
304 958 488 1044 γέγραπται.

248 1061 386 1147 Exposui
418 1063 586 1129 nonnullas
619 1065 732 1130 harum
767 1064 972 1129 formularum
1005 1063 1195 1130 laudationis
1261 1048 1263 1052 ¹

162 1166 244 1230 inter
271 1186 303 1230 se
332 1187 470 1251 pugnare
499 1174 529 1232 et
557 1167 640 1252 quod
668 1167 759 1232 alteri
787 1167 957 1233 recensioni
991 1167 1078 1232 nulla
1104 1168 1195 1232 venia

164 1269 231 1334 dari
253 1276 363 1355 potest,
387 1270 485 1337 altera
501 1293 538 1336 ex
560 1278 648 1357 parte
671 1271 818 1336 delendas
842 1292 916 1335 esse.
954 1273 1024 1336 Huc
1046 1271 1196 1337 accedunt

163 1372 244 1436 alias
265 1373 468 1455 gravissimae
494 1394 615 1453 causae,
645 1374 759 1459 quibus
787 1364 956 1439 auctoritas
982 1374 1110 1438 illarum
1138 1373 1195 1438 im·

163 1476 332 1541 minuatur.
370 1476 540 1557 Laudatur,
565 1483 601 1543 ut
622 1477 769 1559 vidimus,
792 1479 826 1542 in
847 1479 957 1544 Dionis
980 1485 1057 1564 cpte.
1080 1477 1122 1543 58
1145 1478 1195 1542 Ti·

160 1578 283 1644 moleon
298 1580 399 1645 verbis
415 1576 491 1662 περὶ
503 1565 549 1644 oia
564 1576 599 1645 ἐν
610 1582 656 1665 aqi
674 1579 893 1661 Τιμολέοντος
906 1581 966 1665 βίῳ
981 1575 1059 1644 καθ’
1074 1578 1190 1645 ἕκαστα

163 1682 348 1766 γέγραπται.
385 1684 567 1749 Evolvimus
582 1684 693 1749 Timol.
709 1684 818 1765 vitam,
842 1683 1020 1748 invenimus
1043 1682 1081 1747 de
1096 1689 1195 1747 morte

162 1783 290 1849 Hicetae
312 1785 440 1870 eiusque
461 1785 598 1850 filiarum
626 1792 703 1871 epte.
727 1786 769 1850 32
798 1793 828 1851 et
850 1784 1090 1870 33expositum
1118 1804 1193 1864 esse,

163 1886 319 1971 copiosam
341 1908 413 1951 vero
436 1894 467 1952 et
495 1893 671 1953 accuratam
700 1887 953 1973 disputationem,
983 1906 1079 1971 quarn
1101 1886 1196 1951 verba

161 1991 272 2056 Dionis
287 1992 483 2076 promittunt,
501 1991 722 2056 desideramus.
756 1992 928 2056 Invenusta
942 1990 1039 2073 igitur
1051 1997 1126 2057 sunt
1140 1990 1196 2055 illa

161 2098 256 2161 verba
277 2096 395 2161 Dionis.
412 2134 454 2143 -—
476 2097 545 2161 Iam
566 2117 637 2160 vero
660 2097 694 2160 in
715 2097 782 2161 vita
804 2094 1009 2161 Timoleontis
1025 2096 1194 2179 Dionysius

140 2185 141 2189 Ἰ
160 2201 244 2266 filius
267 2205 401 2285 quantas
424 2201 458 2264 in
480 2200 622 2265 miserias
648 2199 791 2263 inciderit
814 2198 1024 2264 dominatione
1048 2199 1195 2285 expulsus

159 2311 427 2384 commemoratur,
456 2305 643 2389 additurque
664 2304 767 2367 ταῦτα
788 2296 850 2383 μὲν
878 2284 939 2367 οὖν
962 2298 998 2367 ἐν
1025 2309 1092 2377 τοῖς
1120 2303 1197 2388 περὶ

158 2404 282 2481 Aloros
304 2400 442 2491 ἀκριβῶς
465 2407 645 2489 γέγραπται.
691 2404 936 2470 Perscrutaberis
958 2405 1074 2471 iterum
1100 2412 1194 2491 atque

159 2513 273 2577 iterum
287 2513 434 2593 Diouem3
457 2511 537 2576 nihil
559 2510 700 2595 reperies,
725 2530 786 2595 quo
807 2508 864 2573 illa
883 2510 978 2575 verba
992 2510 1195 2577 Timoleontis

159 2615 263 2679 referri
285 2614 414 2699 possint.
453 2613 549 2695 Leges
571 2633 646 2677 sane
661 2611 710 2677 vel
727 2611 830 2695 potius
853 2610 1016 2677 concludes
1039 2634 1076 2676 cx
1092 2613 1194 2678 verbis

159 2716 268 2782 Dionis
284 2717 335 2795 58,
359 2738 524 2782 novercam
546 2722 576 2781 et
598 2736 732 2781 sororem
755 2720 786 2780 et
802 2713 903 2778 filium
925 2713 1036 2780 sororis
1051 2714 1194 2797 Dionysii

160 2823 284 2882 necatos
307 2823 338 2883 et
364 2818 398 2880 in
424 2838 539 2901 aquam
569 2817 700 2882 deiectos
729 2837 802 2895 esse,
832 2809 886 2880 sed
913 2829 1042 2880 uxorein
1065 2815 1130 2880 eius
1153 2816 1192 2878 ab

160 2922 301 2987 hostibus
316 2928 471 3000 vexatam,
495 2920 576 2984 filias
598 2921 698 2986 laesas
721 2926 752 2986 et
770 2918 882 2983 deinde
903 2919 1038 3003 pervim
1061 2919 1095 2983 in
1109 2941 1195 2984 mare

161 3025 300 3091 detrusas
329 3046 403 3106 esse,
433 3026 465 3089 id
494 3026 578 3111 quod
605 3026 740 3090 traditur
767 3025 801 3088 in
828 3023 895 3088 vita
922 3022 1032 3088 Timol.
1065 3024 1195 3089 13non

161 3129 241 3195 inest
255 3131 289 3194 in
306 3131 372 3195 vita
387 3130 506 3195 Dionis.
543 3129 650 3213 Neque
672 3130 769 3213 igitur
791 3128 916 3193 ferenda
935 3133 1009 3193 sunt
1023 3130 1119 3193 verba
1140 3129 1197 3193 illa
1268 3152 1271 3159 ·

160 3233 271 3297 Timol.
299 3234 336 3297 13
359 3234 461 3296 τοῦτο
485 3226 547 3314 μὲν
575 3216 636 3297 οὖν
658 3230 694 3297 ἒν
719 3240 786 3308 τοῖς
808 3226 886 3315 περὶ
907 3231 1031 3305 Δίωνος
1059 3219 1199 3314 ἀκριβῶς

160 3334 344 3416 γέγραπται,
361 3354 552 3419 quamquam
568 3356 628 3419 quo
645 3354 745 3397 errore
758 3333 866 3419 lapsus
881 3332 958 3396 haec
969 3331 1127 3417 quispiam
1142 3333 1194 3396 ad·

161 3435 325 3521 scripserit,
349 3435 383 3498 in
405 3443 552 3522 promptu
576 3441 631 3500 est.
676 3435 757 3499 Nam
784 3435 900 3500 similia
929 3456 1003 3500 sane
1026 3435 1064 3498 de
1085 3435 1194 3500 Dionis

161 3538 307 3604 affinibus
335 3545 366 3603 et
394 3538 532 3622 cognatis
560 3539 593 3601 in
615 3538 724 3604 Dionis
747 3538 814 3603 vita
841 3536 915 3622 (58)
943 3539 1033 3603 etde
1055 3538 1197 3621 Dionysii

161 3642 288 3707 maioris
310 3663 405 3707 uxore
426 3642 636 3707 Hermocratis
658 3642 732 3722 filia,
756 3641 874 3707 similia
896 3641 930 3705 in
950 3641 1016 3706 vita
1030 3640 1140 3705 Timol.
1159 3640 1197 3704 de

161 3746 310 3829 Dionysio
338 3746 457 3810 minore
479 3747 661 3828 traduntur3
689 3768 769 3831 quae
790 3767 863 3810 curn
891 3745 1093 3824 meminisset,
1128 3745 1195 3830 qui·

163 3868 285 3934 cunque
312 3850 388 3913 haee
415 3850 591 3934 ascripsisse
620 3852 779 3936 putandus
807 3857 861 3932 est,
895 3871 958 3915 non
985 3854 1093 3913 tamen
1121 3848 1196 3912 satis

163 3953 308 4018 distincte
331 3961 362 4019 et
381 3961 522 4019 accurate
542 3954 744 4034 meminisset,
768 3955 882 4020 adiecit
902 3954 959 4019 illa
979 3954 1013 4018 in
1032 3955 1093 4018 fine
1114 3952 1194 4018 rim.
