2866 4482
587 238 808 306 ’-2Ο-

185 406 279 494 cepit3
302 410 436 497 complet
450 417 556 477 autem
579 431 685 477 sorum
700 433 777 499 quos
792 413 944 479 habemus
965 412 1062 481 libros
1077 410 1122 494 X;
1145 424 1220 478 nam

185 512 240 597 qui
261 519 379 580 restant
400 520 548 600 quattuor
569 520 698 601 quartae
726 521 758 580 et
784 515 895 581 tertiae
916 517 999 601 parti
1028 514 1221 583 attribuendi

183 624 266 683 sunt.
303 619 342 683 In
364 618 514 684 Demetrii
536 619 621 685 enim
634 620 718 685 vitae
740 626 818 706 epte.
838 622 854 685 1
871 620 1058 687 Plutarchus
1081 620 1217 705 exponit,

184 740 377 806 quamquam
391 740 455 786 non
469 720 561 806 plane
575 720 752 788 humanum
774 727 805 787 et
821 729 931 807 aptum
945 728 1071 808 putaret
1085 721 1221 788 aliorum

183 822 270 889 vitiis
292 823 426 889 aliorum
440 843 540 890 mores
563 824 712 908 corrigere
734 830 765 890 et
779 831 953 891 sustentare
974 825 1088 906 conari,
1112 832 1219 890 tamen

185 949 217 993 se
228 928 385 1013 parallelis
396 950 497 994 unum
509 935 565 995 aut
577 928 639 996 duo
653 929 727 1013 iuga
740 951 846 995 eorum
857 929 970 995 addere
981 930 1070 1011 velle,
1086 949 1219 1016 quorum

184 1030 299 1096 animis
309 1051 373 1096 non
387 1030 493 1097 minus
508 1051 622 1114 magna
637 1030 716 1097 vitia
733 1052 828 1116 quam
842 1029 1020 1116 praeclarae
1030 1031 1162 1099 virtutes
1173 1031 1220 1095 in·

184 1134 365 1216 haesissent,
389 1142 484 1222 atque
505 1135 540 1200 in
553 1136 612 1200 hoc
633 1157 666 1201 se
687 1136 767 1202 libro
782 1135 914 1201 Antonii
937 1141 968 1201 et
982 1135 1121 1202 Demetri
1137 1136 1219 1202 vitas

184 1236 423 1302 coniuncturum
445 1258 524 1319 esse3
552 1244 680 1323 apparet
701 1259 825 1303 rursum
846 1242 1006 1303 mutatum
1028 1259 1094 1305 esse
1122 1237 1220 1304 consi·

183 1341 265 1407 lium
291 1340 461 1422 Plutarchi,
489 1341 798 1427 postponendamque
827 1341 918 1407 alteri
946 1342 995 1406 illi
1016 1343 1098 1429 parti
1120 1342 1220 1409 vitam

181 1442 322 1508 Demetri
343 1448 374 1507 et
388 1442 534 1524 Antonii3
557 1443 639 1508 Huic
653 1464 725 1510 vero
739 1443 877 1509 Antonio
898 1444 1131 1527 subiungendas
1154 1465 1220 1510 esse

184 1546 340 1613 Coriolani
361 1553 393 1612 et
414 1546 588 1614 Alcibiadis
609 1547 692 1614 vitas
719 1555 827 1633 postea
849 1548 1121 1617 demonstrabitur.
1156 1549 1219 1614 Nec

184 1649 342 1716 difficilius
365 1656 420 1731 est,
444 1650 605 1716 ostendere
625 1650 759 1735 Lycurgi
782 1671 905 1736 quoque
935 1656 965 1716 et
986 1651 1116 1734 Numae,
1140 1652 1219 1717 The·

183 1754 289 1839 seique
318 1759 349 1819 et
369 1754 498 1820 Romuli
526 1755 617 1835 vitas,
647 1754 704 1820 illa
731 1755 828 1821 altera
855 1761 944 1841 parte
971 1756 1125 1837 absoluta,
1149 1775 1219 1820 con-

183 1856 314 1942 scriptas
337 1877 412 1922 esse.
457 1860 624 1925 Testantur
651 1860 727 1924 haec
749 1860 849 1945 ipsius
871 1860 952 1925 Plut.
976 1859 1072 1925 verba
1094 1858 1128 1923 in
1149 1877 1219 1944 pro-

182 1961 282 2027 oemio
297 1962 418 2043 Thesei,
443 1963 481 2028 de
496 1965 611 2050 quibus
626 1964 691 2030 iam
707 1986 801 2050 supra
816 1964 893 2029 satis
909 1964 1030 2030 dictum
1044 1970 1099 2031 est.
1138 1964 1220 2029 Sunt

181 2063 278 2146 igitur
305 2070 453 2149 quattuor
474 2071 579 2151 partes
601 2060 747 2145 vitarum,
778 2086 920 2149 quarum,
944 2086 1025 2150 quae
1047 2065 1150 2149 prima
1171 2066 1218 2128 fu·

183 2168 249 2248 erit,
273 2188 415 2254 quaeque
437 2170 535 2235 altera
557 2170 633 2235 satis
656 2169 903 2234 demonstratum
926 2174 982 2246 est,
1012 2187 1120 2230 earum
1141 2188 1214 2231 vero

181 2268 316 2334 duarum
331 2291 411 2354 quae
426 2277 553 2351 restant,
578 2290 732 2356 quaenam
746 2266 839 2334 fuerit
855 2272 975 2353 quarta,
999 2287 1141 2352 quaeque
1155 2273 1214 2331 ter-

180 2370 235 2451 tia,
259 2378 367 2457 postea
390 2370 609 2438 excutiendum
632 2377 687 2436 est.
721 2370 827 2455 Atque
849 2369 887 2434 de
908 2368 1064 2434 universis
1086 2368 1214 2455 quidem

180 2472 255 2538 vitis
277 2474 437 2555 haetenus.
865 2548 869 2561 ,

265 2576 356 2640 Nunc
378 2577 417 2641 de
439 2576 571 2659 singulis
592 2577 712 2663 primae
737 2576 835 2663 partis
857 2566 946 2643 libris
969 2575 1136 2640 dicendum
1159 2579 1213 2655 est,

181 2699 258 2765 quos
280 2679 363 2743 Plut.
387 2679 520 2744 aliorum
541 2679 636 2744 iussis
665 2680 844 2766 compulsus
866 2678 1050 2764 composuit.
1094 2679 1216 2766 Horum

180 2783 296 2849 librum
306 2783 448 2868 primum·
458 2804 556 2867 aeque
567 2804 603 2847 ac
617 2783 756 2864 hionius,
773 2783 827 2847 sed
842 2781 912 2847 aliis
928 2775 1093 2863 decausis,
1110 2782 1215 2867 deper-

181 2886 284 2952 ditum
300 2905 374 2965 esse,
399 2890 514 2952 ceteros
532 2884 567 2949 in
581 2885 666 2950 hunc
681 2884 822 2951 ordinem
843 2884 1026 2967 redigendos
1044 2884 1214 2953 existumo:

453 2989 483 3053 2.
508 2986 662 3053 Sertorius
685 2993 716 3053 et
738 2988 901 3053 Eumenes.

454 3093 483 3158 3.
508 3092 618 3158 Cimon
640 3100 671 3158 et
692 3090 851 3158 Lucullus.

452 3195 482 3259 4.
506 3194 665 3279 Lysander
685 3201 717 3260 et
739 3193 837 3259 Sulla.

453 3297 483 3361 5.
506 3295 731 3362 Demosthenes
753 3303 785 3362 et
807 3294 920 3361 Cicero

452 3397 482 3461 6.
505 3397 593 3480 Agis,
617 3397 804 3478 Cleomenes,
829 3398 969 3465 Cracchi.

455 3501 483 3566 7.
507 3501 671 3587 Pelopidas
694 3508 725 3566 et
746 3502 920 3568 Marcellus.

453 3606 482 3671 8.
506 3605 643 3672 Phocion
665 3613 696 3672 et
718 3605 793 3671 Cato
815 3606 927 3671 minor.

452 3711 481 3774 9.
505 3710 660 3777 Aristides
683 3718 714 3776 et
736 3711 811 3776 Cato
833 3711 942 3776 maior.

269 3809 366 3887 Quem
389 3809 530 3876 ordinem
552 3818 685 3893 certum,
715 3820 771 3879 aut
793 3812 821 3878 si
843 3814 961 3895 minue,
990 3812 1056 3879 veri
1077 3811 1214 3877 similem

181 3934 257 3995 esse,
279 3918 317 3979 ut
338 3913 555 3996 demonstrem,
577 3917 716 4002 primum
737 3917 934 4003 probandum
953 3922 1009 3997 est,
1034 3936 1140 3982 omnes
1155 3916 1213 3980 has

180 4014 263 4079 vitas
284 4014 403 4099 primae
425 4015 508 4099 parti
529 4016 708 4084 inserendas
731 4039 806 4099 esse,
830 4017 941 4083 deinde
958 4018 1134 4100 dicendum,
1158 4039 1213 4083 cur
