2866 4482
648 246 847 313 „15-

225 421 321 504 igitur
343 419 547 486 diffidendum
568 428 653 505 puto.
701 419 745 486 At
766 440 837 485 vero
860 419 1005 485 omnibus
1029 418 1151 498 ceteris,
1180 439 1259 503 quae

225 523 317 588 tertia
344 544 475 608 persona
502 522 656 609 prolatae,
689 542 745 586 nec
775 542 846 585 cum
874 521 1003 606 reliquis
1030 521 1133 587 verbis
1161 520 1259 585 artius

226 626 408 694 coniunctae
430 633 517 708 sunt,
546 648 609 692 non
631 626 733 692 solum
755 626 847 711 plane
869 625 1091 691 abstinendum
1115 630 1174 706 est,
1206 624 1260 688 sed

226 731 254 795 si
282 752 320 795 ex
342 731 414 795 aliis
436 730 608 796 maioribus
632 730 734 795 causis
756 730 784 793 is
807 730 881 796 ordo
904 729 1042 795 vitarum
1064 729 1178 809 elucet,
1209 727 1260 791 cui

226 834 300 898 illae
321 834 493 900 contrariae
515 840 598 915 sunt,
623 835 718 899 etiam
740 834 863 915 harum,
888 855 968 919 quae
990 836 1124 916 obstant,
1155 832 1260 901 omnes

227 943 420 1019 contemnere
454 943 484 1002 et
516 937 617 1002 delere
639 958 703 1004 non
724 937 855 1018 dubito.
907 937 948 1002 Et
981 944 1055 1003 sunt
1082 957 1156 1001 sane
1185 957 1260 1002 non·

226 1040 333 1106 nullae
360 1040 507 1106 delendae
535 1041 591 1127 [cf.
627 1042 691 1106 cac.
722 1042 774 1107 Ut¹
807 1043 834 1106 1.
858 1041 909 1107 54.
934 1043 984 1107 73.
1008 1043 1073 1107 Cat⁴
1097 1042 1184 1106 Cens.
1213 1042 1259 1107 12.

228 1144 340 1210 Oleom.
365 1145 415 1209 24.
444 1144 553 1228 Pyrrh.
578 1144 609 1210 8.-
639 1145 708 1210 Tib.
733 1145 783 1208 Gr.
807 1145 858 1210 21.
884 1145 915 1209 O⁴
941 1145 990 1208 Gr.
1019 1144 1080 1229 10].
1103 1145 1192 1209 *Hoc
1214 1151 1259 1209 ta-

230 1268 303 1311 men
330 1247 442 1311 addere
469 1268 611 1332 possum,
642 1268 692 1311 me
720 1247 817 1312 etiam
838 1247 902 1311 illis
925 1247 1033 1333 paucis
1054 1247 1157 1312 verbis
1181 1268 1261 1332 quae

228 1350 366 1416 dubitari
387 1371 450 1417 non
472 1355 581 1436 potest,
605 1349 682 1434 quin
709 1357 792 1415 rocta
813 1350 885 1431 sint,
911 1349 1107 1435 supersedere
1130 1357 1161 1414 et
1182 1371 1261 1435 quae

227 1452 301 1517 inde
328 1453 504 1518 efficiuntur
531 1450 602 1515 aliis
628 1452 803 1517 rationibus
832 1454 1012 1518 confirmare
1037 1473 1140 1537 possc3
1177 1450 1260 1538 quod

229 1576 292 1621 non
313 1557 435 1637 faciam,
466 1578 537 1620 cum
566 1564 597 1622 et
625 1557 681 1623 illa
710 1563 892 1639 argumenta
920 1557 997 1622 satis
1026 1562 1108 1622 certa
1138 1563 1169 1622 ct
1195 1563 1261 1620 tota

229 1659 369 1744 quaestio
391 1659 457 1723 iam
479 1679 533 1743 per
556 1680 588 1722 se
610 1659 679 1744 ipsa
701 1658 778 1724 satis
800 1658 893 1741 longa
914 1664 944 1723 et
966 1659 1127 1744 implicata
1149 1659 1200 1723 sit.

314 1764 418 1855 Atque
441 1770 478 1829 ut
510 1763 673 1828 veniamus
701 1763 741 1827 ad
770 1763 934 1828 alteram
962 1769 1096 1848 partem,
1131 1770 1162 1827 et
1201 1785 1262 1848 quo

234 1866 341 1931 ordine
363 1866 549 1932 Plutarchus
578 1867 660 1932 vitas
688 1867 759 1931 illas
781 1866 946 1952 parallelas
968 1866 1176 1950 quadraginta
1198 1885 1259 1945 sex,

231 1969 367 2055 quaein
387 1991 484 2035 manu
507 1977 594 2052 sunt,
620 1970 776 2056 scripserit
798 1978 829 2036 et
851 1970 982 2035 ediderit
1004 1970 1107 2055 quoad
1129 1969 1196 2034 eius
1218 1971 1262 2033 fa·

231 2095 298 2139 cere
319 2095 493 2159 possumus,
517 2076 727 2162 exquiramus
751 2097 850 2161 pauca
873 2075 911 2140 de
927 2074 1073 2141 omnibus
1088 2074 1162 2160 vitis
1176 2096 1262 2160 prae·

231 2178 386 2243 monenda
408 2185 489 2259 sunt,
513 2179 696 2264 priusquam
719 2177 760 2242 ad
782 2176 922 2262 singulas
942 2178 1168 2264 perveniamus.
1207 2177 1264 2242 Ae

232 2304 291 2368 que
320 2283 481 2350 coniunxit
503 2283 584 2349 Plut.
614 2284 709 2349 semel
737 2290 897 2368 quattuor,
926 2283 1061 2367 Agidem
1089 2282 1206 2347 scilicet
1234 2289 1265 2347 et

233 2387 428 2453 Cleomenem
451 2395 481 2453 et
495 2395 664 2474 utrumque
679 2388 862 2469 Gracchum,
887 2388 1061 2473 ceteroquin
1079 2387 1170 2452 binas
1186 2407 1264 2451 sem·

231 2511 285 2575 per
306 2491 401 2572 vitas,
426 2491 579 2556 Graecum
601 2513 641 2555 sc.
672 2497 702 2556 et
723 2492 902 2555 Romanum
928 2490 1101 2570 hominem,
1132 2488 1264 2572 singulis

232 2590 336 2673 libne,
366 2592 474 2656 addita
497 2592 742 2678 comparatione,
766 2613 844 2677 quos
866 2591 962 2657 libros
985 2590 1169 2673 singillatim
1192 2612 1264 2655 cum

232 2694 412 2778 scripsisset,
437 2694 570 2759 edidisse
592 2693 724 2758 videtur.
762 2694 829 2758 Hoc
852 2684 993 2757 concludi
1015 2699 1116 2778 potest
1138 2716 1174 2757 ex
1195 2715 1263 2779 pro-

232 2797 339 2862 oemiis
357 2797 483 2862 Periclis
499 2796 549 2882 [cf.
566 2797 632 2862 Per.
650 2798 679 2862 2.
703 2799 801 2861 τοῦτο
823 2794 861 2860 τὸ
883 2795 1010 2880 βιβλίον
1032 2795 1167 2862 δίκαιον
1190 2813 1263 2861 ουν-

230 2897 411 2981 τετάχομεν
432 2895 490 2965 τὸν
512 2898 711 2983 Περικλέους
732 2894 785 2961 καὶ
813 2894 872 2963 τὸν
902 2897 1027 2980 Φαβίου
1051 2897 1207 2978 Μαξίμου
1234 2921 1264 2964 κ.

230 3025 258 3067 τ.
281 3001 326 3087 λ.]
350 3003 553 3070 Timoleontis
577 3004 626 3090 [cf.
656 3004 737 3069 Tim.
770 3004 797 3068 1.
822 2987 868 3069 άν
890 2998 926 3069 ἕν
947 3004 993 3088 τρῖ
1020 2997 1159 3086 παρόντι
1185 3021 1265 3086 προ-

228 3106 461 3192 κεχειρίσμεθά
493 3124 544 3172 σοι
576 3105 635 3173 τὸν
651 3106 883 3189 Τιμολέοντος
916 3106 976 3170 τοῦ
998 3104 1183 3191 Κορινθίου
1210 3100 1265 3171 nde

229 3208 288 3278 τὸν
309 3210 460 3294 Αἰμιλίου
483 3209 622 3279 Παύλου
644 3212 738 3297 βίον]
762 3210 926 3296 Pelopidae
949 3209 1030 3295 [Pel.
1053 3211 1082 3275 2.
1107 3206 1265 3296 γράφοντι

229 3309 287 3378 τὸν
319 3312 512 3379 Πελοπίδου
552 3313 624 3397 βίον
656 3309 711 3377 καὶ
748 3309 806 3378 τὸν
839 3311 1054 3397 Μαρκέλλου]
1094 3311 1265 3377 Alexandri

231 3414 286 3500 [cf.
319 3415 409 3480 Alex.
442 3418 468 3480 1.
508 3415 577 3482 Τὸν
599 3411 814 3501 Ἀλεξάνδρου
840 3417 902 3479 τοῦ
928 3413 1084 3498 βασιλέως
1112 3416 1183 3498 βίον
1210 3400 1265 3480 καὶ

228 3516 288 3580 τοῦ
307 3516 468 3602 Καίσαρος
490 3513 525 3583 ἐν
547 3515 650 3603 τούτῳ
669 3518 716 3603 aqi
735 3516 848 3602 βιβλίῳ
870 3513 1062 3602 γράφοντος]
1082 3514 1264 3583 Demosthe

229 3618 278 3682 nis
302 3617 351 3702 [cf.
374 3618 534 3684 Demosth.
560 3620 579 3684 3
602 3616 760 3704 γράφοντι
792 3615 826 3683 ἐν
853 3621 900 3702 τῷ
926 3617 1041 3703 βιβλίῳ
1068 3615 1172 3702 τούτῳ
1201 3618 1266 3682 τάν

229 3718 452 3806 παραλλήλων
474 3716 545 3785 ὄντι
567 3721 707 3805 πέμπτῳ
731 3716 807 3805 περὶ
829 3719 1068 3806 Δημοσθένους
1094 3715 1148 3782 καὶ
1170 3718 1263 3782 Κικέ-

230 3821 516 3908 ρωνος]1)ο111ο1111
545 3821 706 3908 [ο1.1)ο111.
732 3821 748 3884 1
779 3820 929 3906 Περιέξει
957 3817 996 3905 δὴ
1025 3819 1122 3883 τοῦτο
1149 3815 1186 3881 τὸ
1213 3821 1264 3901 βι·

229 3926 323 4008 βλίον
355 3924 413 3993 τὸν
446 3927 634 4014 Δημητρίου
667 3926 740 4010 βίον
776 3923 830 3988 καὶ
861 3919 1045 4006 Ἀντωνίου]
1073 3921 1183 3985 Dionis
1213 3920 1262 4004 [cf.

229 4031 343 4096 Dies
374 4027 433 4096 Ἐν
466 4030 570 4115 τούτῳ
604 4025 639 4094 δὲ
673 4027 841 4111 δωδεκάτῳ
869 4030 934 4091 τάν
963 4022 1187 4110 παραλλήλων
1216 4021 1265 4089 ὄν·
