2866 4482
648 288 842 353 ...7-

231 461 391 547 αναβῆναυ
414 459 643 547 adquiescere
675 458 800 545 χρόνων
828 455 932 526 αὐτοῦ
959 461 999 547 τῇ
1022 461 1145 546 ἱστορίᾳ
1178 482 1265 542 γεγο-

231 562 322 638 νότες
348 588 376 627 κ.
405 587 432 632 ν.
461 563 504 649 h]
533 564 794 650 statuendamque
822 565 878 644 sit,
908 586 971 631 non
1002 586 1092 651 posse
1124 566 1158 630 in
1191 566 1265 630 vitis

231 669 387 734 historicis
409 669 531 734 laudari
555 692 610 733 nee
626 671 812 754 Lycurgum,
836 691 891 735 neo
912 671 1057 751 Numam,
1081 692 1136 735 neo
1150 671 1265 737 Romu·

232 776 569 853 lum,commemoretur
591 782 697 840 autem
718 775 849 858 Lycurgi
872 776 937 840 vita
959 775 992 839 in
1011 775 1103 858 Ages.
1126 777 1146 841 4
1170 784 1201 840 et
1222 777 1265 840 20

232 877 350 961 (verbis
372 877 413 951 ὥς
436 872 472 941 ἕν
485 881 553 950 τοῖς
575 872 652 960 περὶ
666 873 859 958 Λυκούργου
882 876 1071 962 γέγραπται)
1095 878 1265 962 eademque

232 982 265 1044 in
287 982 449 1047 Cleomene
471 982 511 1045 12
535 981 606 1064 (his
628 981 746 1046 verbis:
778 975 821 1067 ἣν
844 975 873 1043 δ’
894 979 960 1061 ἔχει
981 974 1019 1046 τὸ
1042 985 1193 1046 τοιοῦτον
1208 982 1265 1068 τῆς

231 1083 364 1157 παιδιᾶς
386 1069 471 1158 εἶδος
494 1077 668 1165 ὠφέλειαν,
691 1079 727 1147 ἐν
748 1086 796 1168 uqi
817 1080 1011 1166 Λυκούργου
1037 1084 1096 1168 βίῳ
1125 1084 1263 1168 γέγραπ-

231 1184 297 1271 ται)
320 1186 464 1251 laudetur
484 1188 587 1253 Numa
608 1188 642 1251 in
664 1185 750 1254 Caes,
772 1187 838 1251 vita
859 1186 901 1252 59
924 1186 1043 1271 (verbis
1071 1185 1114 1259 ὥς
1141 1181 1176 1250 ἒν
1197 1191 1265 1260 τοῖς

231 1287 306 1370 περὶ
336 1285 461 1353 ἐκείνου
490 1288 687 1374 γέγραπται)
719 1289 826 1355 eadem
849 1289 982 1374 denique
1005 1288 1138 1354 formula
1159 1287 1264 1352 laude

231 1399 283 1457 tur
304 1393 458 1458 Romulus
485 1395 519 1457 in
547 1393 612 1457 vita
634 1391 718 1460 Cam.
747 1395 799 1460 33.
844 1394 1042 1459 Videbuntur
1063 1395 1192 1459 fortasse
1213 1393 1264 1458 his

231 1496 333 1560 verbis
361 1517 440 1580 quae
462 1495 574 1560 Thesei
603 1496 667 1580 opti
692 1498 708 1559 1
731 1500 906 1580 repugnant
927 1495 1069 1560 addenda
1090 1516 1157 1560 esse
1178 1494 1264 1559 addi·

232 1601 339 1685 ditque
360 1599 498 1665 Plassius
525 1599 620 1665 verba
648 1599 713 1665 Cor.
743 1600 786 1666 39
814 1599 856 1672 ὥς
884 1594 920 1665 ἐν
941 1603 1007 1673 τοῖς
1037 1597 1112 1680 περὶ
1140 1596 1263 1665 ἐκείνου

231 1705 288 1788 (se.
312 1703 447 1786 Numae)
469 1704 699 1787 γεγραμμένοις
722 1700 912 1788 δεδήλωται,
934 1723 1035 1787 neque
1055 1708 1161 1766 tamen
1183 1709 1263 1768 certo

231 1808 361 1889 iudici03
387 1829 461 1873 narn
483 1829 676 1894 quamquam
697 1808 801 1874 verbis
823 1807 914 1872 Thes.
941 1808 969 1871 1.
993 1806 1158 1888 significari
1180 1807 1263 1872 uide

234 1918 292 1990 tur,
316 1931 423 1977 omnes
444 1910 580 1996 reliquas
603 1910 693 1989 vitas,
718 1931 795 1994 quas
818 1908 969 1973 habemus
991 1908 1065 1972 vitis
1079 1908 1212 1991 Lycurgi
1235 1914 1265 1974 et

230 2013 350 2078 Numae
373 2018 404 2076 et
425 2012 536 2077 Thesei
558 2011 745 2094 Romulique
767 2009 998 2096 anteponendas
1021 2030 1095 2091 esee,
1120 2017 1264 2097 reputan-

231 2114 307 2179 dum
329 2121 434 2181 tamen
456 2119 517 2193 est,
548 2112 753 2179 Plutarchum
780 2112 861 2178 vitas
889 2133 996 2178 eorum
1023 2113 1184 2200 scripsisse
1208 2115 1260 2200 (cf.

228 2217 294 2280 Per.
325 2217 342 2280 1
373 2217 445 2280 et?
473 2215 553 2280 Tim.
587 2214 745 2300 prooem.)
774 2216 828 2302 qui
856 2215 918 2280 sibi
945 2222 976 2282 et
1003 2216 1073 2281 aliis
1105 2216 1263 2303 ⁴praeclara

227 2319 355 2383 virtutis
387 2319 557 2405 specimina
594 2326 708 2402 essent3
742 2341 819 2405 quos
848 2342 919 2385 cum
949 2342 986 2385 ex
1015 2320 1157 2386 omnium
1183 2326 1260 2386 tem-

229 2441 339 2505 porum
361 2421 578 2487 historicorum
607 2422 680 2487 orbe
709 2422 882 2505 collegisset
909 2422 1152 2508 fabulosumque]
1174 2423 1262 2488 illem

229 2531 362 2591 aetatem
390 2525 511 2591 certiori
538 2525 706 2590 memoriae
734 2525 956 2605 subiunxisset,
984 2527 1087 2611 potuit
1114 2533 1183 2592 tum
1211 2528 1261 2592 de-

228 2652 317 2695 mum
339 2631 489 2713 attingere
511 2651 563 2696 eos
584 2630 676 2708 viros,
701 2650 834 2714 quorum
862 2629 928 2693 vita
955 2650 1017 2695 non
1044 2629 1090 2694 ita
1117 2631 1262 2695 omnibus

229 2731 360 2797 maculis
382 2739 437 2797 aut
458 2731 644 2797 libidinibus
667 2730 765 2797 libera
786 2730 965 2811 videbatur,
988 2731 1034 2796 ita
1056 2737 1093 2796 ut
1114 2732 1148 2796 in
1169 2733 1260 2797 Thes.

229 2844 307 2921 epte.
341 2840 370 2917 l,
401 2858 473 2902 oum
495 2837 592 2917 dicat,
624 2857 657 2902 se
683 2836 901 2903 historicorum
923 2844 1099 2923 temporum
1121 2837 1262 2904 homines

228 2940 412 3020 absolvisse,
437 2939 647 3025 supplendum
670 2940 720 3020 sit,
745 2960 795 3006 eos
819 2960 896 3024 quos
920 2939 981 3003 sibi
1002 2939 1143 3024 exempla
1165 2938 1262 3003 virtu-

227 3044 270 3108 tis
302 3043 476 3130 proposuit,
511 3045 743 3128 postponendae
773 3048 879 3108 autem
907 3043 1025 3107 Theseo
1060 3047 1091 3106 et
1123 3041 1261 3126 Lycurgo

229 3145 397 3211 nonnullae
423 3146 505 3212 vitae
533 3147 611 3227 sint,
640 3146 773 3212 Antonii
800 3145 917 3210 seilicet
947 3151 977 3209 et
998 3144 1150 3209 Demetrii
1179 3144 1261 3209 Alci<-

228 3247 392 3334 biadisque
414 3256 445 3313 et
465 3248 618 3314 Coriolani
643 3248 692 3335 (of.
714 3248 802 3312 Dem.
830 3244 889 3331 L),
913 3246 1000 3324 Quod
1022 3246 1067 3312 ita
1089 3267 1264 3312 roveraso

228 3349 343 3415 habere
369 3358 490 3436 postea,
526 3352 629 3437 quoad
656 3352 723 3417 fieri
750 3351 872 3438 poterit,
902 3352 1106 3436 probaturum
1134 3372 1184 3415 me
1203 3370 1262 3414 ese

229 3473 324 3536 spero.
368 3453 507 3538 Apparet
529 3476 612 3520 nuno
634 3455 769 3540 quidem,
794 3452 859 3519 Cor.
876 3452 1002 3520 illorum
1016 3456 1181 3520 verborum
1202 3454 1261 3518 fore

227 3562 310 3621 tasse
332 3557 428 3622 eliam
451 3577 517 3620 esse
531 3557 744 3624 condicionem
765 3563 858 3642 atque
879 3556 1071 3642 reliquorum
1086 3578 1165 3642 quae
1181 3576 1261 3635 com·

227 3659 477 3724 memoravimus.
501 3659 620 3745 Itaque,
644 3659 694 3725 his
717 3660 851 3738 omissis,
875 3680 947 3724 eum
971 3681 1006 3724 ea
1028 3681 1107 3743 quae
1129 3658 1262 3739 legimus

227 3761 261 3824 in
283 3760 373 3825 Bruti
396 3768 426 3828 et
450 3761 588 3827 Caesaris
611 3762 677 3829 vita
699 3769 730 3828 et
753 3783 831 3847 quae
853 3762 887 3825 in
909 3761 1019 3827 Dionis
1042 3768 1072 3825 et
1087 3760 1261 3825 Timoleon.

226 3863 268 3927 tis
295 3863 454 3947 leguntur,
490 3864 624 3950 denique
652 3886 731 3951 quae
758 3865 868 3929 insunt
895 3865 929 3928 in
955 3864 1087 3942 Theseo,
1120 3861 1260 3943 Camillo,

227 3967 389 4050 Agesilao,
419 3967 593 4048 Cleomene,
625 3968 752 4033 Caesare
780 3968 861 4031 inter
887 3989 920 4031 se
942 3966 1088 4048 coniungi
1109 3987 1171 4032 non
1192 3987 1261 4051 pos-

228 4071 305 4149 sint,
340 4071 456 4155 duplex
482 4072 581 4135 menti
604 4070 742 4136 oboritur
770 4069 954 4134 coniectura.
1004 4067 1071 4132 Aut
1094 4070 1177 4133 enim
1205 4069 1261 4155 illa
