2866 4482
590 263 783 330 ..8-

171 441 266 507 verba
287 440 320 505 iu
343 438 439 505 Bruto
462 444 493 504 et
513 438 614 504 Dione
637 468 677 483 -
701 458 776 502 nam
800 437 962 502 Caesarem
986 444 1056 524 post
1071 437 1206 501 Brutum

171 550 266 629 atque
298 547 369 628 post
395 541 529 608 Dionem
557 540 785 608 Timoleontem
818 541 969 628 scriptum
1002 561 1068 605 esse
1100 544 1207 625 postea

172 645 358 712 confirmabo
386 649 487 709 -ct
514 644 548 708 in
576 644 660 710 Cam.
688 643 781 726 Ages.
813 643 925 709 Oleum.
951 641 1034 708 Caes.
1066 643 1106 707 ab
1134 641 1207 709 aliis

172 749 354 816 hominibus
386 748 493 813 addite
522 755 611 827 sunt,
646 770 718 813 cum
745 747 882 830 legerent
909 747 991 813 Plut.
1021 747 1117 826 vitas,
1151 753 1208 812 aut

172 855 256 920 Plut.
288 853 356 939 ipse
378 851 509 918 alteram
530 853 667 918 vitarum
700 853 910 918 recensionem
935 851 1008 917 fecit
1030 857 1061 917 et
1088 852 1123 916 in
1150 852 1208 917 hac

171 955 229 1021 illa
260 955 355 1021 verba
386 954 535 1035 inseruit,
570 975 704 1039 quarum
730 961 836 1020 umen
862 953 919 1018 illa
948 975 1012 1019 una
1038 954 1206 1039 probanda,

173 1059 249 1125 haec
281 1058 373 1143 plane
404 1064 509 1122 mente
537 1057 675 1124 eicienda
702 1062 757 1122 est.
810 1056 890 1122 Nam
917 1056 1055 1142 primum
1083 1056 1207 1122 nullum

172 1161 356 1246 vestigium,
379 1161 491 1226 necin
513 1161 587 1226 vitis
609 1161 701 1247 ipsis,
728 1183 785 1227 nec
813 1161 898 1247 apud
925 1160 1002 1227 alios
1034 1161 1206 1246 scriptores,

173 1264 318 1329 relictum
350 1268 411 1343 est,
439 1263 571 1328 alteram
592 1285 611 1327 a
632 1262 797 1329 Plutarcho
819 1262 888 1349 ipso
910 1263 1120 1329 recensionem
1142 1284 1208 1327 sus·

173 1373 295 1454 ceptam
322 1388 397 1433 esse.
430 1367 549 1432 Deinde
570 1368 742 1433 absurdum
764 1374 859 1448 esset,
889 1367 916 1432 si
938 1368 1021 1433 Plut.
1049 1368 1084 1432 in
1111 1368 1209 1433 altera

173 1471 350 1538 recensione
379 1471 460 1536 vitas
489 1471 534 1537 ite
561 1478 728 1552 mutasset,
763 1479 801 1538 ut
828 1472 951 1555 singula
977 1473 1059 1538 inter
1086 1493 1120 1537 sc
1147 1472 1208 1538 dis·

175 1574 334 1655 sentirent,
357 1579 427 1640 tum
448 1595 520 1640 vero
543 1596 582 1639 ne
604 1574 700 1659 posse}
715 1574 842 1659 quidem
857 1575 987 1642 alteram
1001 1573 1209 1641 recensionem

173 1679 288 1741 factam
302 1695 369 1740 esse
383 1675 547 1761 permultis
563 1678 656 1741 rebus
679 1676 852 1741 luculenter
867 1676 1104 1743 demonstratur.
1143 1676 1209 1741 Pri·
1307 1728 1311 1736 .

175 1801 263 1846 mum
285 1780 370 1845 enim
391 1779 593 1845 Plutarchum
614 1787 736 1846 tanum
757 1780 880 1865 copiam
901 1780 1052 1848 librorum
1074 1780 1209 1846 edidisse

174 1890 304 1964 constat,
328 1903 406 1969 quas
435 1903 542 1948 omnes
570 1890 715 1969 provecta
742 1883 807 1950 iam
832 1890 935 1949 aetate
962 1884 1145 1970 composuit,
1172 1890 1210 1948 ut

174 1986 264 2054 alteri
284 1987 456 2052 recensioni
469 1987 524 2052 vix
546 1992 670 2073 tempus
686 1987 843 2073 quoddam
865 1988 991 2053 concedi
1005 1988 1119 2073 possit3
1140 1993 1210 2053 tum

173 2089 316 2173 singulae
339 2089 444 2155 resin
466 2090 596 2155 diversis
619 2090 693 2155 vitis
719 2090 765 2155 ita
785 2090 855 2155 'sibi
876 2089 1046 2155 contrariae
1068 2095 1151 2169 sunt,
1175 2095 1211 2155 ut

171 2194 255 2260 vitae
276 2214 339 2259 non
367 2194 489 2279 possint
517 2198 684 2279 postquam
713 2192 848 2259 hbrariis
877 2191 1009 2257 traditae
1036 2196 1119 2270 eunt,
1144 2213 1209 2256 rur-

171 2319 226 2363 sus
248 2302 430 2363 retractatae
453 2302 484 2362 et
505 2295 624 2360 revisae
647 2314 720 2360 csse.
765 2295 810 2361 Ut
831 2315 931 2380 pauca
953 2316 990 2359 ex
1012 2293 1136 2358 infinite
1159 2316 1209 2359 ex·

172 2402 345 2488 amplorum
366 2401 456 2487 copia
482 2421 728 2480 commemorem,
752 2400 834 2465 alius
855 2399 988 2465 Pericles
1016 2399 1050 2462 in
1073 2398 1208 2479 Cimone,

172 2504 253 2569 alius
275 2503 310 2569 in
330 2503 431 2589 ipsius
459 2502 524 2567 vita
553 2500 740 2567 describitur
768 2502 818 2587 (cf.
841 2502 908 2566 Per.
942 2501 991 2565 10.
1020 2501 1071 2565 29.
1101 2500 1208 2586 Comp.

173 2606 239 2671 Per.
265 2610 303 2670 et.
327 2604 401 2670 Feb.
426 2604 455 2667 3.
479 2603 556 2668 Cim.
584 2602 649 2687 17),
671 2602 759 2668 aliud
781 2603 820 2667 de
847 2623 971 2669 morum
993 2602 1211 2688 depravatione

171 2710 207 2775 in
227 2709 294 2774 vita
315 2709 428 2774 Sertor.
446 2707 519 2792 (10)
542 2707 676 2788 docetur,
701 2707 788 2773 aliud
809 2708 844 2772 in
859 2707 947 2773 Sulla
963 2707 1043 2792 (30),
1067 2707 1154 2772 aliud
1175 2707 1210 2771 in
1296 2784 1298 2789 .
1381 2714 1383 2719 ’

171 2811 268 2877 Arato
283 2808 367 2894 (51).
405 2808 479 2874 Alio
502 2808 553 2873 die
573 2814 716 2875 mortuus
739 2815 786 2874 est
806 2808 981 2894 Pompeius,
1005 2809 1032 2873 si
1054 2809 1139 2873 Cam.
1159 2809 1207 2871 19.

171 2911 350 2980 testimonio
365 2910 474 2990 utaris,
497 2909 568 2990 alio,
592 2910 618 2975 si
640 2911 746 2995 Pomp.
765 2909 815 2975 79.
854 2909 928 2974 Alio
951 2910 1002 2975 die
1024 2909 1109 2995 apud
1123 2909 1209 2975 Sala·

172 3018 291 3083 minem
312 3022 487 3103 pugnatum
510 3020 566 3095 est,
588 3015 756 3082 Plutarcho
777 3014 812 3079 in
828 3014 900 3098 Lys.
918 3014 959 3079 15
980 3021 1068 3094 teste,
1092 3014 1154 3080 alio
1175 3014 1210 3079 in

173 3121 257 3187 Cam.
276 3121 326 3187 19.
364 3121 535 3186 Phocaeam
551 3119 578 3184 si
593 3119 664 3203 Lys.
681 3118 703 3184 5
718 3118 856 3204 sequaris
871 3125 944 3184 ante
958 3140 1097 3205 pugnam
1115 3140 1210 3206 prope
1319 3140 1323 3151 ⁴

172 3226 302 3291 Notium
324 3225 522 3290 commissam
543 3222 722 3289 Alcibiades
750 3225 905 3309 profectus
935 3230 990 3304 est,
1019 3224 1054 3288 in
1075 3224 1207 3304 Cariam,

172 3329 201 3395 si
223 3327 324 3394 Alcib.
349 3327 400 3392 35.
439 3326 501 3393 Sed
522 3326 660 3410 longum,
685 3333 733 3392 est
754 3328 860 3393 omnia
882 3327 1066 3411 singillatim
1088 3329 1208 3408 referre,

173 3430 251 3496 satis
280 3430 322 3496 sit
348 3449 587 3495 commemorare
615 3428 767 3494 eiusmodi
794 3428 936 3514 exempla
962 3429 997 3494 in
1024 3430 1106 3495 Plut.
1135 3430 1209 3495 vitis

172 3534 334 3622 complura
354 3534 456 3599 inesse
484 3533 535 3618 [cf.
557 3532 671 3598 Cleom.
702 3534 753 3598 27.
782 3533 942 3599 Demosth.
974 3535 1024 3598 11.
1056 3535 1154 3599 Crass.
1177 3534 1207 3598 3.

172 3675 215 3693 ·-
238 3641 333 3705 Dem.
351 3639 402 3704 36.
426 3637 535 3721 Pyrrh.
558 3637 588 3701 6.
612 3675 653 3686 -
680 3637 755 3702 Luc.
784 3638 826 3703 38
855 3638 938 3704 Cato.
962 3638 1015 3704 Ut
1039 3637 1090 3702 24.
1119 3636 1207 3703 Brut.

173 3743 203 3810 5.
227 3780 270 3793 —
292 3741 385 3807 Marc.
410 3741 439 3806 9.
463 3741 540 3806 aab..
561 3740 591 3805 5.
617 3741 667 3807 19.
692 3778 732 3788 -
754 3741 843 3823 Arat.
868 3741 919 3807 39.
944 3741 1057 3808 Oleum.
1085 3742 1133 3806 14.
1161 3742 1208 3807 17.

177 3882 216 3893 -
235 3846 322 3909 Arat.
346 3844 397 3909 54.
421 3845 481 3910 Tit.
505 3845 536 3909 9.
554 3881 594 3892 --
613 3846 678 3910 Cat
703 3844 789 3910 Gens.
815 3845 865 3911 17.
889 3845 949 3910 Tit.
976 3845 1027 3910 19.
1044 3880 1085 3893 -·
1100 3845 1208 3929 Pyrrh.

173 3948 203 4013 8.
226 3947 288 4013 Tit.
311 3946 363 4011 21.
380 3980 421 3995 -
443 3946 505 4011 Tit.
530 3946 580 4010 10.
603 3947 710 4033 Pomp.
728 3948 784 4013 25.
802 3984 842 3996 -
857 3946 955 4013 Arist.
974 3947 1024 4012 19.
1046 3948 1133 4012 Cam.
1162 3948 1208 4013 19.

174 4048 221 4133 (1)
238 4085 277 4097 -
293 4048 404 4114 Timol.
433 4050 484 4112 13..
503 4048 562 4113 Dio
585 4048 636 4114 58.
653 4088 694 4098 -
711 4053 795 4119 Cato.
812 4051 864 4119 Ut.
888 4051 940 4117 41.
962 4053 1067 4137 Comp.
1090 4052 1156 4117 Nic.
1180 4058 1210 4115 et
