2866 4482
666 254 865 321 ..23-

245 418 330 491 idem
358 426 392 491 in
419 427 485 492 vita
508 426 625 493 Cimon.
654 434 730 512 epto.
763 428 803 493 14
832 428 1004 513 exponitur,
1035 463 1076 475 -
1106 428 1216 493 haecce
1238 425 1280 491 le·

245 534 361 611 guntur
380 522 501 594 Ἐίόκει
523 524 559 593 δὲ
586 527 640 592 καὶ
662 526 822 614 πρότερον
848 526 869 615 ἡ
893 524 1056 618 Ἐλπινίκη
1086 532 1133 616 aqi
1155 530 1280 610 Κίμωνι

244 631 304 698 τὸν
325 631 489 717 Περικλέα
512 630 694 717 πραότερον
715 640 909 715 παρασχεῖν,
939 628 994 699 ὅτε
1014 633 1076 722 τὴν
1097 630 1280 720 θανατικὴν

245 736 338 822 δίκην
366 734 475 818 ἔφυγε.
526 735 607 800 Nam
636 756 829 820 quamquam
857 737 892 800 in
912 736 1029 800 Pericle
1051 737 1089 800 de
1111 736 1171 801 hac
1192 757 1280 800 accu-

244 840 365 906 satione
398 839 480 903 nihil
513 845 606 904 antea
630 847 793 906 narratum
822 844 882 921 est,
917 848 1024 906 tamen
1054 842 1113 906 hoc
1142 841 1207 905 loco
1234 841 1281 905 ita

244 942 301 1005 illa
323 948 589 1023 commemoratur,
614 943 704 1027 quasi
727 943 791 1006 iam
813 950 888 1007 nota
910 944 959 1023 sit,
983 944 1066 1028 quod
1088 943 1154 1007 fieri
1176 942 1281 1028 potuit

245 1046 271 1110 si
294 1045 403 1110 Cimon
425 1052 517 1110 antea
540 1045 672 1131 scriptus
695 1053 770 1110 erat.
805 1045 966 1110 Praeterea
987 1046 1098 1111 Jonem
1121 1053 1279 1111 auctorem

245 1171 355 1215 verum
377 1170 439 1213 non
462 1170 527 1213 csse
550 1149 743 1213 existimavit
765 1148 847 1213 Plut.
871 1149 904 1212 in
926 1149 993 1214 vita
1016 1149 1082 1214 Per.
1106 1149 1154 1235 1).Ι
1180 1143 1280 1233 [Ἀλλ’

236 1251 334 1320 Ἴωνα
349 1248 411 1334 μὲν
431 1251 551 1338 εὀἷμεν]
567 1254 600 1317 in
622 1254 689 1318 rita
709 1253 846 1318 Cimonis
867 1254 923 1318 illo
945 1260 1023 1319 testo
1045 1274 1121 1318 usus
1144 1261 1199 1318 est.
1228 1252 1278 1337 [cf.

244 1358 320 1422 Cim.
337 1357 367 1421 5.
389 1357 419 1422 9.
448 1356 509 1440 lc]
553 1357 626 1420 dam
647 1356 744 1439 igitur
764 1378 819 1441 pro
842 1363 924 1421 certo
945 1357 1126 1422 habendum
1148 1362 1204 1437 est,
1230 1357 1277 1420 Ci-

242 1482 369 1526 monem
396 1469 427 1526 et
453 1461 620 1525 Lucullum
649 1468 720 1525 anie
747 1460 896 1526 Periclem
911 1468 955 1526 -et
982 1461 1117 1527 Fabium
1146 1483 1165 1526 a
1192 1461 1279 1525 Plut-

244 1566 337 1631 archo
359 1566 458 1631 editos
480 1587 553 1630 esse.

333 1668 489 1753 Sequitur,
513 1675 550 1732 ut
572 1668 610 1731 de
632 1667 772 1732 Aristide
794 1674 825 1732 ct
848 1668 962 1733 Catone
980 1668 1123 1733 Censorio
1146 1687 1279 1753 expona-

243 1793 329 1851 mus,
359 1771 397 1834 dc
425 1770 539 1856 quibus
569 1791 632 1834 non
659 1770 762 1836 multa
790 1779 878 1851 sunt,
908 1793 988 1856 quae
1016 1770 1138 1850 inveni,
1173 1778 1281 1835 tamen

243 1895 324 1958 quae
351 1894 427 1957 epus
455 1879 545 1953 aunt,
580 1873 653 1937 inde
682 1873 826 1937 concludi
852 1895 940 1958 posse
967 1874 1121 1939 videntur.
1173 1873 1278 1957 Atque

243 1977 381 2061 primum
420 1976 733 2042 animadvertendum
772 1984 831 2055 est,
870 1976 904 2039 in
942 1975 1082 2040 Aristide
1129 1975 1279 2060 ampliore

243 2079 399 2145 mentione
421 2081 459 2145 de
481 2081 655 2146 ostracismi
678 2102 739 2144 usu
760 2087 791 2144 et
810 2080 844 2145 vi
858 2080 992 2145 relatum
1014 2102 1087 2160 esse,
1111 2080 1145 2144 in
1162 2080 1279 2144 Pericle

135 2236 138 2240 .
242 2185 321 2249 nihil
349 2185 415 2249 eius
441 2184 529 2255 modi
561 2184 727 2269 explicari,
757 2205 948 2268 quamquam
971 2184 1009 2247 de
1032 2183 1225 2268 Thucydidis
1249 2189 1279 2247 et

246 2287 383 2351 Cimonis
411 2285 591 2351 ostracismo
620 2307 692 2350 cum
714 2295 906 2367 narraretur,
937 2286 1045 2350 cadem
1068 2286 1185 2351 occasio
1207 2286 1276 2365 fuit,

246 2389 401 2475 copiosius
424 2389 462 2453 de
484 2388 539 2452 illo
563 2389 596 2451 in
618 2388 800 2475 universum
822 2389 1014 2475 disputandi,
1039 2389 1150 2453 deinde
1172 2389 1278 2454 riden-

240 2493 325 2573 dum,
357 2493 391 2557 in
412 2491 509 2556 Arist.
533 2495 610 2574 epte.
634 2491 676 2554 24
705 2491 833 2570 narrari,
863 2491 1035 2555 Aristidem
1065 2492 1279 2576 quadringena

242 2615 396 2677 sexagena
417 2594 536 2659 talenta
565 2613 670 2656 annua
693 2614 712 2657 a
735 2593 826 2656 sociis
847 2593 1000 2675 redegisse
1027 2594 1176 2678 addique:
1204 2591 1277 2658 σοι’-
1385 2597 1392 2611 ’

240 2719 284 2782 τῳ
318 2693 354 2762 δὲ
381 2695 546 2781 Περικλῆς
566 2689 629 2773 μὲν
656 2692 825 2780 ἐπέθηκεν
858 2688 969 2773 ὀλίγον
1003 2694 1071 2759 δεῖν
1104 2693 1141 2759 τὸ
1169 2695 1278 2779 τρίτον

240 2801 349 2884 μέρος,
373 2797 523 2875 ἑξακόσια
545 2796 604 2880 γὰρ
626 2797 769 2863 τάλαντα
794 2798 995 2884 Θονκυδίδης
1017 2796 1116 2885 φησὶν
1137 2793 1277 2879 ἀρχομε-

240 2925 300 2969 νοο
327 2906 389 2968 τοί
417 2903 568 2986 πολέμου
597 2905 767 2988 προσιέναι
801 2909 868 2978 τοῖς
899 2899 1079 2990 Ἀθηναίοις
1110 2899 1177 2969 ἀπὸ
1212 2904 1278 2967 τῶν

243 3002 430 3087 συμμάχων.
487 3004 686 3089 Περικλέους
724 3001 760 3070 δὲ
795 3000 1027 3080 ἀποθανόντος
1064 3002 1279 3079 ἐπιτείνοντες

243 3108 274 3172 oi
300 3105 485 3195 δημαγωγοὶ
517 3105 597 3175 κατὰ
630 3105 746 3190 μικρὸν
779 3107 824 3182 εἰς
856 3104 968 3188 χιλίων
1001 3104 1057 3173 καὶ
1088 3109 1278 3191 τριακοσίων

241 3208 412 3276 ταλάντοιν
433 3208 616 3293 κεφάλαιον
637 3205 815 3297 ἀνήγαγον,
839 3212 877 3275 de
900 3232 963 3296 qua
985 3232 1017 3275 re
1039 3211 1073 3275 in
1094 3210 1210 3275 Pericle
1232 3211 1278 3274 ni·

242 3313 289 3376 hil
319 3313 495 3398 expositum
522 3319 582 3393 est,
613 3313 666 3397 (cf.
696 3322 755 3399 cpt.
790 3312 864 3397 12).
910 3314 992 3377 Tum
1013 3334 1085 3378 vero
1108 3314 1141 3377 in
1164 3313 1279 3378 Catone

242 3417 360 3481 maiore
382 3417 402 3479 2
424 3417 566 3501 proditur
589 3418 736 3483 Catonern
758 3418 856 3483 Fabio
878 3418 965 3499 duce,
994 3439 1066 3482 cum
1087 3437 1277 3503 oppugnare-

242 3529 295 3587 tur
309 3521 489 3600 Tarentum,
513 3521 547 3585 111
563 3522 672 3587 castris
694 3522 799 3601 fuisse,
823 3530 855 3587 et
878 3528 955 3608 epte.
972 3524 1002 3603 3,
1027 3522 1160 3586 eundem
1182 3544 1214 3586 se
1237 3522 1277 3586 ad

242 3624 377 3688 Fabium
392 3627 495 3687 ictum
510 3623 691 3709 applicasse,
714 3631 746 3689 et
761 3624 855 3690 huius
870 3624 915 3689 rei
936 3645 1029 3690 causa
1044 3625 1277 3708 intempestivas

244 3724 427 3790 inimicitias
448 3746 519 3789 curn
543 3725 685 3812 Scipione
707 3726 888 3807 exercuisse,
918 3747 998 3811 quae
1025 3726 1130 3791 omnia
1158 3726 1192 3790 in
1220 3726 1277 3790 Fa-

245 3828 289 3893 bii
310 3829 378 3893 vita
400 3829 515 3894 omissa
535 3838 617 3896 suni.
656 3831 808 3896 Videmus
823 3831 919 3913 igitur
934 3829 1101 3895 nonnullas
1116 3850 1173 3909 res,
1197 3850 1278 3913 quae

245 3951 342 4015 aeque
370 3933 410 3997 ad
437 3933 586 3998 Periclem
614 3939 646 3998 et
673 3933 807 3999 Fabium
835 3939 928 4018 atque
957 3932 998 3996 ad
1024 3915 1196 3997 Aristidem
1222 3932 1276 3995 Ca-

243 4039 411 4120 tonemque
441 4035 584 4117 redeunt,
613 4035 647 4099 in
672 4036 722 4101 his
744 4035 818 4100 solis
840 4033 974 4113 narrari,
1005 4033 1123 4098 inillis
1145 4037 1276 4119 praeier-
