2866 4482
613 218 814 285 ...32-

195 393 339 474 cepturus
361 388 464 455 fuerit.
509 387 629 454 Tamen
651 389 686 454 in
700 389 825 457 Catonis
848 391 914 456 vita
930 389 1013 456 Plut.
1037 391 1133 458 verba
1154 396 1228 457 sunt

195 497 264 576 cpte
285 492 342 558 22:
373 492 521 567 Λέντλος
542 487 579 557 δὲ
605 491 659 558 καὶ
680 495 832 582 Κέθηγος
853 492 1025 576 δεξάμενον
1045 490 1106 580 τὴν
1128 507 1227 560 συνω-

193 595 313 678 μοσίαν
333 616 390 660 nec
411 597 580 682 quicquam
602 597 641 663 de
662 597 787 664 Lentuli
810 598 949 664 consiliis
971 605 1065 683 atque
1086 597 1228 664 moribus

194 698 365 764 narrationi
391 699 537 783 illigatur.
582 701 621 765 In
649 700 912 787 comparationem
940 706 1098 786 praeterea
1126 699 1227 765 multa

194 800 257 866 alia
277 801 383 867 vocari
403 808 535 887 possunt
557 823 637 887 quae
659 802 693 867 in
715 803 841 869 Catonis
863 808 895 867 et
917 803 1071 869 Ciceronis
1092 803 1160 870 vita
1180 808 1226 868 at·

193 904 1226 991 tmwmmem-mmmm-
1331 898 1336 907 “

194 1007 1226 1090 QQQffi-QQQQ-QQQ

192 1113 235 1178 26
257 1133 307 1197 sq3
331 1149 372 1160 —-
395 1114 458 1178 Cat.
482 1114 512 1180 6.
539 1114 589 1180 19.
616 1114 668 1179 32.
698 1113 749 1179 50.
780 1113 840 1178 Cic.
871 1114 923 1181 38.
952 1114 1022 1198 35.)
1051 1113 1106 1178 sed
1132 1113 1166 1177 in
1194 1134 1228 1177 re

193 1220 301 1299 aperta
321 1213 459 1297 longiore
485 1213 748 1299 demonstratione
774 1233 852 1300 opus
878 1235 943 1280 non
972 1223 1027 1280 est.
1072 1216 1178 1300 Atque
1200 1214 1227 1279 si

194 1316 319 1381 Catonis
341 1318 378 1400 et}
399 1315 564 1383 Phocionis
592 1314 658 1381 vita
687 1314 826 1381 Ciceroni
855 1316 1003 1405 anteponi
1031 1337 1094 1383 non
1115 1322 1226 1402 potest,

193 1439 232 1482 ne
253 1417 408 1483 Aristides
436 1418 564 1504 quidem
589 1426 620 1484 et
642 1419 717 1485 Cato
745 1420 832 1484 Cena.
856 1419 1099 1486 Demosthenem
1120 1439 1157 1484 ac
1179 1419 1226 1483 Ci-

193 1540 333 1586 ceroncm
348 1523 523 1607 praecessit.
553 1524 683 1608 Iamque
697 1529 846 1608 quattuor
862 1524 936 1606 iuga
950 1523 1088 1588 vitarum
1099 1521 1228 1589 inventa

193 1632 276 1705 sunt,
300 1645 380 1710 quae
401 1626 597 1693 intercedunt
622 1627 703 1693 inter
725 1627 879 1692 Ciceronis
908 1634 939 1694 et
967 1626 1094 1691 Periclis
1116 1627 1226 1706 vitam,

193 1727 308 1810 quibus
330 1748 402 1793 cum
424 1728 549 1807 nullum
571 1736 729 1815 praeterea
751 1729 950 1795 adnumerari
970 1729 1079 1815 possit,
1096 1766 1137 1776 -
1153 1749 1229 1793 nam

74 1821 76 1827 ¹
192 1831 337 1915 quintum
359 1832 477 1901 librum
499 1833 653 1899 Ciceronis
682 1840 713 1898 et
734 1832 962 1914 Demosthenis,
993 1831 1150 1898 decimum
1172 1832 1226 1897 Pe·

191 1932 276 1997 riclis
298 1941 329 1999 et
350 1933 441 2001 Fabii
462 1934 547 2001 vitae
569 1935 859 2021 compleverunt-
879 1933 1024 2018 reliquae,
1048 1954 1131 2018 quae
1155 1940 1228 1999 anta

190 2035 340 2101 Periclem
362 2038 553 2125 conscriptae
575 2046 657 2119 sunt,
687 2038 826 2104 Ciceroni
854 2045 1081 2124 anteponamus
1104 2056 1227 2101 necesse

191 2145 246 2204 est.
291 2139 375 2204 Ante
402 2139 621 2206 Demosthenis
650 2139 746 2222 igitur
774 2146 805 2205 et
832 2139 987 2205 Ciceronis
1013 2139 1096 2204 vitas
1118 2135 1227 2220 scripti

189 2241 336 2307 videntur
357 2242 512 2308 Sertorius
541 2249 572 2308 et
592 2243 756 2322 Eumenes,
789 2241 899 2308 Cimon
927 2248 958 2307 et
980 2238 1139 2316 Lucullus,
1162 2237 1223 2321 Ly·

190 2343 302 2408 sander
323 2351 354 2410 et
376 2344 474 2409 Sulla.
513 2344 575 2409 Sed
598 2365 670 2409 cum
692 2343 801 2427 quinto
824 2344 900 2424 loco,
923 2347 961 2406 ut
982 2340 1028 2403 ait
1049 2338 1116 2422 ipse
1138 2335 1220 2399 Plut.

190 2448 293 2513 Cicero
316 2455 347 2514 et
368 2448 592 2514 Demosthenes
614 2448 709 2535 positi
736 2448 861 2528 fuerint,
891 2453 997 2512 ternae
1026 2448 1132 2509 autem
1153 2447 1221 2505 tan·

188 2559 259 2619 turn
273 2552 411 2620 vitarum
425 2553 516 2635 bigae
537 2553 673 2619 inveniri
694 2554 825 2640 possint,
850 2572 929 2637 quae
945 2550 1122 2617 Ciceronem
1137 2566 1223 2633 prae·

189 2658 309 2739 cedant,
332 2680 432 2723 unum
446 2678 504 2744 par
518 2658 656 2727 vitarum
675 2658 872 2743 deperditum
894 2677 961 2720 csse
982 2659 1121 2741 apparet.
1159 2651 1225 2717 Hoc

188 2783 261 2828 vcro
294 2763 432 2849 primum
460 2763 601 2828 omnium
634 2763 732 2827 fuisse
760 2760 849 2827 brevi
876 2757 1083 2847 demonstrari
1111 2762 1223 2841 potest.

187 2862 320 2929 Nullum
342 2865 426 2928 enim
448 2863 576 2929 illorum
590 2863 688 2928 trium
707 2862 852 2944 iugorum
874 2857 1051 2922 eiusmodi
1072 2855 1224 2943 prooemi-

189 2987 244 3032 um
266 2967 370 3047 habet,
393 2966 477 3051 quod
499 2966 533 3030 in
555 2963 680 3030 exordio
707 2970 739 3028 et
766 2962 886 3027 foribus
909 2958 1053 3024 omniurn
1074 2957 1223 3039 vitarum,

189 3091 267 3154 quas
290 3071 398 3136 ecdem
411 3071 504 3136 modo
528 3069 707 3134 coniunctas
727 3086 818 3132 nemo
841 3071 915 3130 ante
929 3061 1133 3128 Plutarchum
1154 3083 1225 3127 con·

188 3170 362 3255 scripserat,
392 3177 619 3257 exspectamus,
649 3175 680 3236 et
708 3191 747 3233 cx
768 3167 899 3233 Sertorii
921 3172 1001 3232 certe
1023 3165 1107 3231 vitae
1129 3185 1225 3248 quam

188 3275 323 3362 primam
353 3296 469 3356 earum,
503 3295 582 3359 quas
610 3274 763 3339 habemus
792 3293 860 3337 esse
887 3270 1067 3351 conicimus
1097 3274 1167 3354 epte
1192 3270 1224 3332 l:

187 3375 294 3462 τούτῳ
317 3374 357 3464 δὴ
379 3375 523 3459 μάλιστα
537 3379 603 3444 τῶν
621 3374 793 3463 Ἑλλήνων
814 3372 873 3442 τὸν
886 3369 1070 3459 Καρδιανὸν
1093 3372 1225 3455 ὄμονοῦ·

187 3499 249 3562 μεν
265 3474 407 3567 Εὐμένη,
424 3478 568 3544 concludi
582 3483 693 3564 potest,
716 3497 780 3542 non
794 3476 933 3563 primum
949 3476 1034 3540 hunc
1047 3475 1226 3540 Romanum

189 3601 261 3647 cum
293 3581 420 3647 homine
453 3581 568 3646 Graeco
603 3579 802 3646 coniunxisse
834 3577 1048 3645 Plutarchum.
1101 3575 1225 3642 Interiit

187 3687 284 3770 igitur
311 3687 432 3772 primus
460 3685 682 3770 parallelamm
711 3684 799 3764 liber,
834 3703 896 3766 quc
924 3702 1003 3766 quas
1030 3680 1113 3746 vitas
1143 3700 1224 3746 com·

188 3787 299 3872 plexus
314 3788 356 3852 sit
370 3787 452 3852 Plut.
469 3807 532 3851 non
546 3786 682 3850 nimium
704 3785 821 3864 laboro,
845 3791 951 3849 tamen
971 3783 1102 3847 alteram
1118 3801 1226 3845 earum

188 3888 423 3973 Epaminondae
445 3888 544 3955 vitam
566 3886 673 3968 fuisse,
704 3907 801 3970 quam
829 3884 988 3969 scripsisse
1009 3881 1223 3963 Plutarchum,

189 3991 285 4058 rerba
306 3989 363 4057 illa
377 3992 469 4072 ngas.
487 3989 528 4054 28
550 3988 593 4062 ὥς
615 3986 650 4055 ἐν
664 3996 731 4074 τοῖς
752 3983 1093 4074 περὶΕπαμεινεόνδον
1115 3986 1224 4075 γέγρα·

1413 3856 1416 4061 l
