2866 4482
618 246 816 314 „ffi-

199 443 278 485 πναν
296 420 431 488 ,etiamsi
458 441 521 487 non
550 422 614 487 sint
641 420 847 486 aPlutarcho
876 421 1019 505 profecta,
1049 420 1126 484 satis
1149 424 1230 484 certo

197 532 360 605 testantur,
384 525 464 589 mihi
485 525 639 610 persuasi3
662 546 737 588 nam
759 525 793 587 in
816 524 991 608 Comparat.
1006 523 1069 587 Pel.
1087 530 1117 587 et
1136 523 1230 586 Mare.

200 636 215 694 1
246 629 379 712 legimus
406 631 569 710 Λέγονται
596 624 633 693 δὲ
662 631 803 715 Θηβαῖον
828 622 913 713 μηδὲ
938 621 1160 712 Ὀρχομενίους
1192 624 1233 693 ἂν

198 728 282 798 οὕτω
305 730 595 819 μεταχειρίσασθαι
621 730 793 817 παρόντων
815 727 946 798 ἐκείνων
968 753 1005 797 ex
1028 731 1143 814 quibus
1165 753 1232 796 ver-

197 835 247 901 bis
270 834 371 917 colligi
396 842 505 919 potest,
535 843 627 900 antea
653 835 692 898 de
720 833 995 899 Orchomeniorum
1024 839 1104 898 sorte
1134 839 1164 897 et
1186 834 1232 897 in-

198 938 302 1016 teritu,
327 958 407 1021 quae
429 958 501 1001 cum
530 939 673 1002 abessent
700 936 864 1022 Pelopidas
893 942 923 1000 et
945 935 1177 1021 Epaminondas
1199 936 1233 999 in

199 1041 386 1126 Peloponeso
419 1040 506 1126 passi
539 1045 626 1118 sunt,
662 1039 837 1104 accuratius
872 1039 1082 1123 disputatum,
1118 1045 1172 1103 aut
1206 1039 1233 1101 si

199 1143 313 1223 minue,
338 1144 419 1207 hanc
440 1165 506 1207 rom
526 1150 633 1207 tamen
655 1146 929 1208 commemoratam
950 1143 1056 1206 fuisse.
1094 1143 1132 1205 In
1147 1142 1233 1206 Pelo·

199 1245 291 1331 pidae
313 1265 385 1309 vero
403 1245 470 1309 vita
492 1245 608 1309 frustra
630 1244 689 1308 hoo
711 1244 872 1328 anquires3
895 1265 952 1308 nec
973 1244 1073 1326 magis
1095 1244 1130 1308 in
1152 1243 1233 1324 aliis,

200 1371 280 1434 quae
306 1350 388 1414 hanc
416 1349 678 1434 comparationem
705 1355 944 1428 antecesserunt,
973 1369 1030 1412 nec
1053 1349 1178 1412 omnino
1201 1349 1235 1411 iu

200 1452 239 1515 iis
262 1452 336 1516 vitis
359 1473 439 1536 quae
462 1457 595 1530 exstant,
620 1450 769 1515 invenies
808 1434 948 1514 ⁴Videtur
976 1450 1071 1532 igitur
1099 1455 1235 1515 anteces-

201 1557 278 1620 sisse
300 1557 367 1622 vita
386 1556 629 1641 Epaminondae,
653 1555 687 1618 in
709 1576 772 1638 qua
795 1555 913 1619 occasio
936 1576 1011 1618 sane
1033 1554 1137 1620 oblato
1159 1562 1233 1634 orat,

201 1661 472 1727 animadvertendi
495 1661 529 1723 iu
551 1659 632 1723 illud
661 1660 783 1723 facinus
804 1660 1032 1725 Thebanorum.
1057 1679 1061 1686 ·
1079 1659 1139 1724 Sed
1162 1680 1235 1743 quo·

201 1785 274 1827 cum
295 1763 421 1828 homine
442 1765 583 1828 Romano
606 1763 673 1827 vita
694 1762 928 1847 Epaminondae
956 1760 1120 1825 coniuncta
1141 1760 1237 1825 fuerit

204 1869 357 1930 affirmare
383 1886 446 1930 non
474 1866 583 1931 audeo.
628 1864 892 1948 Wyttonbachius
921 1883 990 1929 eam
1017 1865 1052 1928 in
1079 1864 1236 1929 animadv.

202 1965 286 2030 Plut.
302 1965 372 2029 Vol.
388 1966 442 2046 VI,
464 1990 494 2052 p.
519 1969 602 2033 1116
626 1989 698 2032 cum
720 1966 864 2051 Scipione
885 1967 1003 2031 maiore
1026 1974 1238 2052 comparatam

205 2066 302 2130 fuisse
324 2068 489 2148 contendit,
513 2069 567 2133 sed
582 2068 774 2151 argumentis
797 2089 863 2131 rem
885 2089 948 2132 non
970 2066 1149 2132 illustravit.
1184 2067 1237 2129 Vi-

205 2170 295 2234 detur
321 2176 426 2235 autem
452 2192 517 2235 una
543 2172 602 2235 hac
634 2171 754 2236 ratione
780 2170 948 2254 perductus
982 2191 1057 2252 esse,
1092 2170 1176 2254 quod
1203 2170 1237 2234 in

200 2272 365 2358 Lampriae
388 2273 535 2356 catalogo,
566 2275 621 2357 qui
642 2275 749 2353 femur,
781 2274 834 2358 (cf.
859 2274 949 2338 Treu.
974 2272 1237 2356 Waldenburgiae

202 2376 285 2441 1872
307 2399 338 2462 p.
361 2378 389 2441 7.
413 2377 469 2442 No.
495 2376 530 2461 7)
553 2376 785 2461 Epaminondas
808 2376 973 2461 Scipioque
996 2376 1234 2458 coniunguntur.

200 2480 261 2543 Sed
284 2480 318 2544 in
340 2480 448 2543 eodem
469 2478 607 2559 catalogo
623 2479 740 2544 Aratus
760 2500 883 2563 quoque
906 2488 936 2544 et
954 2480 1144 2545 Artaxerxes
1168 2501 1237 2543 con·

202 2582 382 2664 iunguntur,
407 2581 460 2665 (cf.
484 2579 540 2642 No.
557 2579 614 2662 24)
637 2568 673 2642 et*
688 2579 766 2661 Agis
789 2580 1027 2664 Cleomenesque
1049 2603 1068 2645 1
1091 2581 1238 2645 Gracchis

202 2684 392 2748 dirimuntur
414 2683 467 2767 (of.
491 2683 547 2747 No.
572 2681 592 2746 9
616 2688 646 2745 11
671 2684 739 2767 10);
762 2704 818 2746 nec
839 2692 997 2768 praeterea
1026 2690 1145 2748 constat
1168 2684 1238 2767 quis

136 2807 139 2811 ’
201 2789 295 2852 fuerit
327 2789 381 2852 illo
409 2788 512 2874 Scipio
546 2795 654 2852 utrum
687 2787 787 2851 maior
815 2781 857 2852 an
885 2789 996 2868 minor,
1026 2808 1082 2851 nec
1111 2789 1238 2852 omnino

202 2889 230 2951 si
263 2889 422 2953 Plutarchi
456 2890 529 2954 ordo
564 2890 746 2973 exquiritur,
780 2891 854 2954 huic
889 2890 1027 2972 catalogo
1061 2890 1128 2954 11111
1163 2890 1239 2954 fides

202 2992 347 3057 habenda
369 3002 424 3058 est.

287 3094 360 3158 Jam
382 3117 454 3159 vero
475 3099 612 3178 Sertorii,
636 3098 769 3179 Luculli,
794 3097 900 3163 Sullae
915 3099 1006 3177 vitas,
1031 3118 1108 3181 quas
1131 3118 1238 3161 omnes

202 3197 236 3261 in
257 3197 369 3282 primis
392 3201 574 3264 statuendas
597 3222 663 3265 esse
681 3201 963 3281 demonstravinus,
987 3223 1020 3264 re
1035 3223 1109 3266 vera
1132 3201 1239 3265 eodem

202 3303 265 3365 fere
287 3310 434 3388 tempore,
458 3304 555 3369 aliam
576 3326 639 3369 non
661 3306 761 3370 multo
785 3313 856 3391 post
877 3305 972 3371 aliam
996 3307 1151 3372 confectas
1174 3326 1240 3370 esse

203 3412 347 3490 apparet3
369 3427 444 3468 nam
467 3427 668 3492 quascunque
696 3408 775 3472 alias
805 3410 883 3474 duas
905 3415 961 3473 aut
983 3415 1046 3473 tres
1067 3409 1240 3495 inspexeris

203 3505 284 3569 vitas
308 3504 482 3571 hominum
500 3508 562 3572 sibi
590 3510 769 3592 aequalium
797 3531 816 3573 a
843 3510 1011 3576 Plutarcho
1039 3512 1238 3595 conscriptas,

202 3608 374 3693 permultas
397 3608 536 3673 invenies
559 3632 617 3690 ros⁷
646 3632 726 3695 quae
755 3612 789 3675 iu
817 3612 881 3675 alia
907 3613 971 3676 iam
994 3618 1120 3676 narrata
1142 3618 1238 3689 erant,

203 3713 236 3774 in
266 3713 329 3777 alia
355 3714 468 3798 repeti;
496 3715 652 3799 permulta
681 3716 808 3799 quidem
836 3737 916 3800 quae
944 3717 1053 3781 insunt
1081 3716 1115 3778 in
1142 3715 1238 3794 Sulla,

151 3844 163 3857 ·
203 3824 384 3900 repetuntur
406 3819 440 3882 in
462 3818 529 3883 vita
551 3818 652 3899 Marii,
676 3820 831 3903 permulta
853 3821 992 3906 primum
1014 3821 1048 3883 iu
1063 3819 1130 3884 vita
1151 3818 1239 3883 Aris-

202 3920 277 3983 tidis
301 3921 412 3986 deinde
433 3923 549 3987 iterum
570 3924 605 3987 in
627 3924 693 3987 vita
715 3924 933 3988 Themistoclis
957 3932 987 3988 et
1009 3923 1147 3988 Cimonis
1170 3943 1239 3987 nar-

202 4030 320 4102 rantur,
344 4026 499 4109 permulta
521 4048 584 4090 non
605 4026 711 4088 minus
734 4027 817 4089 ritae
832 4026 1006 4090 Alcibiadis
1030 4045 1126 4108 quam
1148 4033 1240 4089 antea
1294 4102 1304 4119 .

1015 4145 1032 4197 3
