2866 4482
592 294 791 358 -33-

169 469 234 532 loco
258 467 466 531 Gracchorum
490 467 572 530 vitae
593 466 699 551 reponi
722 468 861 551 possunt,
886 489 957 532 curn
980 467 1118 551 reliquae
1141 489 1204 531 om-

169 592 224 635 nes
240 569 323 634 vitae
345 590 407 633 non
428 569 534 633 minus
555 569 740 633 Graecorum
763 590 858 652 quam
878 571 1088 635 Romanorum
1112 592 1206 635 causa

169 672 309 756 inceptae
325 670 498 748 videantur,
523 669 646 733 etiamsi
658 669 799 733 deessent
814 671 919 734 omnia
935 671 997 735 alia
1011 680 1203 754 argumenta,

169 798 248 859 quae
270 781 377 839 tamen
398 794 461 837 non
482 775 574 858 plane
602 773 707 836 deesse
734 769 943 858 exposuimus.
989 776 1035 839 De
1058 777 1204 840 Gracchis

171 901 240 962 ergo
275 886 304 944 01
331 878 432 960 Agide
466 883 495 941 01
518 877 680 940 Cleomene
705 877 785 941 nihil
817 878 851 941 in
879 879 974 944 dubio
1008 880 1202 964 relinquitur.

169 981 334 1067 Pelopidas
357 1001 429 1045 vero
460 989 490 1045 et
512 981 675 1045 Marcellus
703 987 810 1045 utrum
838 989 909 1046 ante
937 984 1084 1047 Catonem
1104 984 1204 1047 mino·

167 1107 234 1149 rem
257 1107 297 1149 an
320 1086 494 1169 posthunc
524 1085 577 1149 sed
600 1091 671 1149 ante
692 1085 864 1149 Aristidem
893 1108 933 1150 an
962 1107 1042 1151 nono
1071 1087 1204 1171 denique

168 1189 235 1252 loco
258 1187 394 1272 ponendi
417 1186 488 1266 sint,
518 1207 574 1269 age
597 1188 835 1251 consideremus,
881 1189 985 1271 Atque
1008 1187 1204 1271 aliquantum

167 1291 314 1376 temporis
337 1292 522 1355 intercedere
551 1291 631 1355 inter
660 1292 717 1355 has
739 1291 819 1355 vitas
848 1298 878 1356 et
899 1291 1067 1356 Lucullum
1089 1294 1203 1358 idcirco

168 1394 343 1479 putandum
370 1400 424 1474 est,
454 1395 528 1478 quia
555 1395 588 1458 in
610 1395 676 1459 vita
702 1394 795 1458 Marc.
821 1395 859 1458 21
891 1402 921 1460 et
944 1395 1020 1458 Cim.
1044 1395 1066 1458 4
1095 1396 1203 1460 eadem

168 1496 320 1560 sententia
342 1518 379 1559 ex
401 1496 549 1580 Euripide
571 1497 743 1561 ornamenti
771 1497 896 1561 oratorii
924 1517 1018 1561 causa
1040 1497 1203 1579 ingeritur:

170 1598 315 1680 Φαῦλον,
338 1594 491 1686 ἄκομψον
505 1596 547 1664 τά
560 1596 694 1679 μέγιστά
708 1619 744 1662 τε
758 1593 898 1679 ἀγαθόν.
936 1600 998 1663 Sed
1021 1600 1095 1664 satis
1119 1622 1202 1682 sanc,

168 1723 207 1764 ne
235 1700 363 1785 illepide
390 1702 445 1764 fiat
472 1700 547 1764 haec
574 1700 724 1784 repetitio,
754 1700 847 1785 spatii
874 1700 1070 1765 interiectum
1097 1711 1152 1784 est,
1176 1705 1203 1768 si

168 1804 299 1890 septimo
322 1805 388 1868 loco
411 1804 557 1889 ponimus
577 1803 758 1888 Pelopidam
781 1810 811 1868 et
832 1804 1022 1884 Marcellum,
1046 1828 1103 1871 nec
1125 1829 1203 1893 opus

168 1916 222 1989 001,
246 1910 328 1973 hanc
350 1911 389 1974 ob
413 1930 541 1973 causam
562 1917 632 1994 post
648 1909 795 1973 Catonem
809 1909 961 1973 minorem
984 1917 1038 1975 aut
1052 1912 1203 1977 maiorem

167 2010 277 2074 deduci
301 2010 372 2074 illas
394 2011 485 2076 vitas
523 2012 595 2075 Jam
617 2033 688 2075 vero
712 2013 739 2074 si
762 2018 942 2096 reputamus
959 2013 1089 2077 eandem
1111 2015 1203 2099 plane

167 2116 205 2179 de
227 2121 324 2179 morte
347 2116 524 2179 voluntaria
545 2117 730 2180 sententiam
752 2115 785 2179 in
800 2116 964 2200 Pelopidae
979 2118 1045 2181 vita
1069 2119 1201 2183 inveniri

166 2224 259 2299 atquc
287 2216 320 2279 in
348 2217 507 2281 Cleomene
537 2217 588 2301 [cf.
617 2216 680 2281 Pel.
712 2220 743 2282 1:
772 2217 877 2302 Gomp.
905 2218 1025 2283 Pelet
1053 2219 1145 2282 Μο10.
1169 2222 1198 2283 3.

167 2322 279 2384 Cleom.
297 2320 362 2404 31]‚
384 2320 514 2385 eandem
528 2342 600 2384 1010
616 2321 702 2385 dcvi
724 2328 754 2386 et
773 2322 954 2387 auctoritate
968 2325 1120 2388 bonorum
1134 2343 1198 2385 mo-

167 2446 237 2489 rum
260 2424 293 2487 in
315 2424 381 2488 vita
403 2424 567 2488 Phocionis
591 2431 620 2489 et
641 2424 767 2490 Periclis
792 2426 843 2511 [cf.
860 2426 952 2490 Phoc.
975 2427 1005 2492 5.
1021 2426 1128 2490 Pericl.
1147 2426 1200 2511 15]

168 2529 290 2592 differre
312 2549 384 2592 vero
407 2528 567 2608 nonnulla,
592 2531 729 2612 quaein
750 2525 816 2595 vita
838 2529 1003 2614 Phocionis
1027 2537 1057 2595 01
1080 2530 1204 2596 Catonis

166 2631 296 2695 minoris
312 2630 476 2716 010111οζ11
489 2626 632 2695 Cicerone
644 2639 673 2696 et
684 2633 891 2697 Demosthene
905 2633 1118 2714 inveniuntur,
1134 2656 1203 2719 pro·

168 2736 305 2801 babillus
327 2731 451 2800 videtur
466 2736 645 2821 Pelopidam
670 2742 700 2801 et
721 2736 903 2802 Marcellum
926 2737 1034 2801 statim
1057 2740 1204 2804 Gracchis

167 2838 329 2917 absolutis,
359 2838 545 2902 Phocionem
578 2846 683 2903 autern
717 2844 746 2901 01
776 2838 924 2901 Catonem
951 2838 1104 2903 minorem
1133 2849 1204 2924 post

166 2943 232 3021 hos,
257 2963 312 3007 nec
338 2943 383 3007 ita
405 2943 504 3007 multo
535 2950 605 3008 ante
633 2942 781 3007 Periclem
812 2943 999 3028 conscriptos
1022 2964 1096 3008 esse.
1142 2947 1202 3009 Ac-

167 3044 256 3125 cedit,
288 3046 371 3130 quod
398 3045 500 3110 multa
528 3067 608 3130 quae
641 3045 674 3108 in
702 3044 767 3108 vita
795 3043 932 3108 Marcelli
958 3045 1136 3112 invenimus
1169 3049 1203 3112 in

167 3149 233 3212 vita
253 3148 342 3212 Fabii
372 3155 562 3233 repetuntur,
593 3157 629 3213 ut
657 3147 844 3213 intercedere
870 3149 952 3213 inter
977 3150 1035 3214 has
1064 3148 1204 3236 aliquan-

166 3258 235 3316 tum
257 3253 405 3337 temporis
428 3261 508 3317 recte
530 3252 663 3316 conicias
688 3251 738 3335 [cf.
755 3251 847 3315 Marc.
870 3253 890 3316 9
913 3252 986 3318 Fab.
1003 3253 1033 3317 5.
1053 3292 1092 3301 -
1107 3255 1201 3319 Μο10.

166 3355 196 3418 9.
220 3353 294 3418 Fab.
322 3356 370 3419 19.
387 3393 430 3403 -
445 3355 537 3420 Marc.
563 3355 613 3419 26.
637 3354 711 3419 Fab.
738 3356 787 3419 15.
806 3391 846 3401 -
865 3354 957 3418 Marc.
984 3355 1033 3419 13.
1051 3354 1125 3421 Fab.
1150 3357 1201 3421 22.

166 3457 259 3522 Marc.
277 3459 327 3523 21.
344 3458 418 3523 Fab.
440 3460 510 3544 22];
533 3481 589 3525 nec
610 3459 707 3544 repeti
728 3464 853 3523 tantum
875 3458 1027 3529 nonnulla
1048 3460 1200 3540 videmus,

38 3550 42 3555 ⁵
165 3562 199 3624 in
221 3560 326 3640 Fabio,
357 3561 411 3625 sed
441 3562 535 3627 etiam
564 3563 684 3626 incidas
712 3563 745 3625 in
774 3562 928 3647 quaedam
956 3585 1035 3647 quae
1057 3562 1147 3627 aliter
1168 3564 1202 3626 in

165 3662 320 3741 Marcello,
352 3662 442 3727 aliter
462 3664 498 3727 in
518 3664 614 3729 Fabio
643 3669 816 3728 narrantur.
862 3663 943 3728 Nam
965 3665 998 3726 in
1020 3664 1086 3728 vita
1107 3663 1200 3728 Marc.

168 3763 188 3826 9
211 3763 344 3828 Fabium
367 3763 579 3849 paedagogum
600 3764 786 3829 Hannibalis
809 3787 827 3829 a
848 3765 949 3830 Poeno
972 3765 1048 3849 ipso,
1072 3764 1106 3827 in
1127 3764 1201 3830 Fab.

167 3871 273 3928 autem
295 3864 315 3928 5
339 3886 358 3927 a
380 3865 529 3928 Romanis
551 3887 606 3949 per
627 3866 730 3929 iocum
754 3886 819 3928 0000
842 3866 1037 3930 nominatum
1059 3866 1201 3931 traditur.

167 3965 292 4029 Rectius
320 3968 463 4048 profecto,
499 3967 582 4049 quod
609 3966 643 4028 in
671 3967 737 4031 vita
763 3965 901 4030 Marcelli
929 3965 1051 4047 legitur,
1088 3975 1118 4031 et
1146 3968 1204 4031 hoc

166 4069 374 4152 perspicuum,
405 4067 552 4131 interesse
580 4066 776 4150 aliquantum
798 4068 944 4153 temporis
968 4068 1050 4133 inter
1072 4069 1151 4134 hanc
1173 4074 1203 4132 01
