2866 4482
599 203 798 273 ..48-

181 378 329 462 Pyrrhus,
361 402 432 446 cum
466 380 500 444 in
529 380 654 445 Italiam
686 381 831 462 venisset,
865 378 1039 448 admiratus
1074 381 1214 449 ordinem

180 482 349 547 excercitus
364 482 497 547 Romani
519 482 653 546 edidisse
675 484 797 563 dicitur,
822 504 902 567 quae
917 485 1025 549 eadem
1047 486 1081 549 in
1095 486 1212 569 Pyrrho

180 583 221 649 16
243 583 341 648 relata
363 591 418 649 est.
461 583 566 667 Neque
589 584 672 648 euim
692 585 868 670 putandum
891 593 937 650 est
958 587 1162 653 Plutarchum
1184 587 1212 651 si

178 685 290 769 Pyrrhi
311 686 378 751 vita
400 693 473 752 ante
494 686 602 752 Titum
625 687 741 773 scripta
763 687 884 769 fuisset,
912 690 994 754 hane
1015 690 1049 754 in
1072 691 1144 755 Tito
1166 711 1211 755 re·

179 790 333 874 petivisse,
363 811 419 853 nec
440 810 566 875 prorsus
593 790 779 876 putandum,
815 792 842 855 si
876 793 943 878 ipse
971 793 1029 858 hoc
1057 795 1122 858 iam
1150 794 1213 857 alio

178 893 243 956 loeo
267 892 461 977 exposuisset
483 892 516 956 in
535 892 605 957 Tito
629 913 700 956 eum
723 892 826 958 verbis
849 914 982 958 usurum
1003 894 1101 958 fuisso
1122 893 1212 979 Πύρ-

178 1019 237 1080 ρον
258 991 321 1078 μὲν
344 978 404 1062 οὖν
426 995 629 1080 λέγουσιν,
652 991 707 1062 ὅτε
728 1023 757 1064 κ.
780 1020 806 1064 τ.
830 997 860 1062 λ.
909 999 971 1064 Sed
993 999 1043 1063 his
1065 1000 1212 1065 omnibus

177 1101 351 1166 rationibus
379 1101 577 1186 supersedere
606 1102 786 1186 poterimus,
821 1103 849 1165 si
877 1102 1014 1168 Marium
1041 1111 1112 1188 post
1139 1104 1212 1167 Cae-

177 1225 278 1268 sarem
305 1204 511 1288 compositum
543 1223 610 1267 esse
643 1205 814 1290 apparebit.
866 1205 1012 1287 Legimus
1045 1212 1152 1270 autem
1178 1207 1211 1270 iu

174 1306 275 1370 'Mario
298 1307 333 1371 6:
361 1301 442 1370 ὥστε
464 1303 569 1387 γάμον
597 1308 698 1391 γῆμαι
720 1301 876 1392 λαμπρὸν
904 1306 1005 1382 οἰκίας
1027 1303 1214 1390 ἐπιφανοῦς

176 1413 233 1495 τῆς
248 1406 419 1493 Καισάρων
431 1404 572 1473 Ἰουλίαν
586 1394 625 1494 οἷς
639 1391 681 1495 ἦν
695 1402 892 1492 ἀδελφιδοῦς
906 1415 1030 1493 Καίσαρ
1053 1410 1072 1474 ὁ
1085 1406 1214 1494 χρόνοις

176 1506 311 1596 ὕστερον
336 1511 507 1593 Ῥωμαίων
528 1512 676 1592 μέγιστος
698 1508 871 1592 γενόμενος
892 1513 948 1576 καί
967 1535 998 1575 τι
1024 1507 1211 1578 κατόἷκειό-

175 1639 256 1705 epau
279 1614 424 1703 ζηλώσας
446 1612 589 1699 Μάριον,
614 1615 657 1689 ὥς
680 1611 717 1680 ἐν
738 1622 805 1690 τοῖς
826 1615 903 1701 περὶ
928 1612 1054 1683 ἐκείνου
1077 1619 1211 1702 γέγραπ-

176 1744 238 1787 ται.
261 1723 306 1785 τῶ
328 1716 365 1786 δὲ
392 1720 511 1805 Μαρίῳ
540 1743 568 1786 κ.
597 1742 624 1783 τ.
655 1721 685 1786 λ.
714 1740 775 1803 quo
803 1718 870 1784 loco
899 1721 994 1787 verba
1021 1721 1077 1786 illa
1106 1722 1147 1796 οἷς
1175 1717 1211 1788 ἐν

176 1833 243 1901 τοῖς
264 1822 341 1910 περὶ
363 1821 488 1890 ἐκείνου
510 1825 697 1907 γέγραπται,
720 1823 810 1890 nobis
827 1825 972 1908 quamvis
988 1826 1029 1889 ad
1044 1826 1211 1891 delendum

176 1930 347 2014 propensis,
379 1949 442 1993 non
471 1928 517 1993 ita
545 1928 637 1993 facile
663 1928 762 1993 deleri
794 1936 934 2014 possunt.
985 1929 1098 1993 Eiectis
1128 1929 1212 1993 enim

176 2031 240 2096 illis
268 2031 379 2111 verbis,
413 2031 495 2096 mira
529 2031 666 2096 exoritur
699 2031 890 2096 coniunctio:
924 2028 1067 2113 Μάριον.
1101 2033 1147 2115 τῷ
1176 2026 1212 2094 δὲ

177 2133 305 2218 Μαρίῳ.
330 2140 436 2197 tamen
457 2142 573 2199 temere
595 2134 645 2198 his
667 2134 772 2199 verbis
800 2134 875 2198 fides
904 2133 1047 2197 habenda
1069 2153 1130 2196 non
1154 2138 1208 2194 est.

177 2234 237 2297 Sed
260 2233 447 2315 addendum,
476 2235 511 2298 in
539 2235 679 2299 Caesaris
705 2236 773 2300 vita
800 2235 943 2320 pluribus
972 2234 1010 2298 de
1031 2233 1128 2298 Mario
1157 2253 1207 2294 ex-

177 2338 260 2422 poni,
284 2359 380 2421 quam
402 2339 437 2402 in
458 2339 556 2403 Mario
580 2340 618 2404 de
641 2340 778 2404 Caesare.
817 2339 960 2403 Primum
983 2338 1066 2403 enim
1088 2337 1171 2401 Caes
1191 2338 1207 2399 1

177 2442 323 2524 legimus:
346 2442 436 2508 Αίτία
460 2440 495 2508 δὲ
520 2445 655 2529 Καίσαρι
677 2445 739 2529 ,τῆς
762 2441 844 2529 πρὸς
868 2442 1002 2508 Σύλλαν
1028 2437 1212 2523 ἀπεχθείας

175 2546 197 2634 ἦ
220 2545 303 2630 πρὸς
326 2546 456 2633 Μάριον
478 2546 634 2633 οἰκειότης
655 2530 707 2633 ἧν.
745 2543 863 2633 Ἰουλία
886 2548 946 2632 γὰρ
968 2546 1092 2632 πατρὸς
1114 2541 1211 2612 ridet·

176 2651 226 2736 φῇ
241 2652 399 2733 Καίσαρος
414 2650 431 2715 ὁ
444 2648 659 2735 πρεσβύτερος
675 2647 810 2734 συνῴκει
821 2646 952 2733 Μάριος
967 2645 1002 2724 ἐξ
1016 2634 1057 2733 ἧς
1070 2645 1211 2729 ἐγεγόνει

175 2749 306 2834 Μοίριος
327 2752 347 2816 ὁ
369 2749 524 2834 νεώτερος
546 2745 683 2836 ἀνεψιὸς
706 2747 751 2815 ὠν
773 2746 941 2833 Καίσαρος.
965 2750 1077 2814 deinde
1099 2756 1167 2833 epte
1194 2752 1207 2811 l

177 2853 319 2932 traditur,
343 2853 505 2916 Caesarem
526 2851 629 2915 duliae
644 2852 750 2917 uxoris
766 2851 859 2915 Marii
881 2851 1093 2916 laudationem
1108 2849 1209 2913 habu·

177 2956 237 3019 isse
260 2965 291 3021 et
312 2957 346 3021 in
361 2958 469 3021 funere
484 2956 560 3036 eius,
584 2955 677 3019 Marii
692 2956 780 3038 signa
796 2956 971 3041 protulisse,
995 2953 1210 3039 spectaculum

175 3059 255 3122 illud
283 3058 368 3143 plebi
389 3058 612 3141 gratissimum,
647 3058 781 3141 denique
810 3059 939 3123 Cassii
968 3056 1142 3142 exponitur,
1177 3056 1211 3120 in

177 3160 328 3245 Capitolio
352 3161 513 3225 Gaesarem
536 3159 628 3225 Marii
651 3166 771 3225 statuas
795 3159 976 3239 collocasse3
1005 3157 1212 3222 haecomnia

176 3272 282 3330 autem
304 3265 338 3328 in
366 3264 464 3329 Mario
494 3272 639 3330 autnon
666 3272 956 3343 commemorantur,
992 3268 1049 3326 aut
1078 3262 1211 3325 strictim

176 3371 410 3451 percurruntur,
445 3387 637 3451 quamquam
670 3366 821 3432 nonnulla
855 3387 893 3429 ex
929 3364 969 3427 iis
1002 3384 1067 3427 non
1104 3364 1211 3427 minus

176 3469 267 3532 Marii
283 3488 378 3550 quam
393 3468 531 3533 Caesaris
548 3467 631 3533 vitae
648 3468 846 3533 accomodata
868 3467 1009 3547 fuerunt3
1033 3466 1116 3550 quod
1139 3483 1210 3527 cum
1266 3522 1268 3526 ,

175 3572 275 3655 magis
298 3572 479 3650 consentiat,
509 3593 606 3656 quam
634 3572 786 3657 discrepet
814 3594 834 3635 a
860 3570 964 3636 verbis
992 3571 1066 3649 illis,
1096 3566 1209 3651 quibus

175 3677 209 3741 in
231 3676 329 3742 Mario
352 3676 498 3740 laudatur
521 3677 639 3756 Caesar,
665 3698 745 3760 quae
774 3675 875 3740 delere
897 3674 1122 3750 dubitavimus
1146 3689 1211 3733 una

176 3779 327 3845 sententia
357 3777 553 3860 relinquitur,
587 3785 624 3841 ut
656 3778 775 3841 Marius
809 3777 941 3862 scriptus
970 3776 1011 3842 sit
1039 3782 1108 3859 post
1137 3772 1211 3836 an-

176 3901 285 3943 sarem.
325 3879 445 3947 Indicia
466 3878 523 3941 illa
546 3878 673 3961 quidem
695 3899 758 3942 non
779 3898 901 3960 magna,
926 3879 980 3942 sed
1003 3898 1074 3941 eum
1096 3896 1212 3957 magna

176 3981 287 4059 desint,
317 3981 462 4062 quamvis
491 3979 598 4043 invitis
620 3981 711 4045 nobis
739 3980 843 4064 parvis
871 3981 1131 4064 acquiescendum
1155 3984 1209 4041 est.

1384 1314 1388 1371 ι
1429 1374 1430 1381 i
